%YAML 1.1
%TAG !u! tag:unity3d.com,2011:
--- !u!1 &786586238
GameObject:
  m_ObjectHideFlags: 0
  m_CorrespondingSourceObject: {fileID: 0}
  m_PrefabInstance: {fileID: 0}
  m_PrefabAsset: {fileID: 0}
  serializedVersion: 6
  m_Component:
  - component: {fileID: 786586239}
  - component: {fileID: 786586243}
  - component: {fileID: 786586242}
  - component: {fileID: 786586240}
  m_Layer: 5
  m_Name: Arrow
  m_TagString: Untagged
  m_Icon: {fileID: 0}
  m_NavMeshLayer: 0
  m_StaticEditorFlags: 0
  m_IsActive: 0
--- !u!224 &786586239
RectTransform:
  m_ObjectHideFlags: 0
  m_CorrespondingSourceObject: {fileID: 0}
  m_PrefabInstance: {fileID: 0}
  m_PrefabAsset: {fileID: 0}
  m_GameObject: {fileID: 786586238}
  m_LocalRotation: {x: 0, y: 0, z: 0.7071068, w: 0.7071068}
  m_LocalPosition: {x: 0, y: 0, z: 0}
  m_LocalScale: {x: 1, y: 1, z: 1}
  m_Children: []
  m_Father: {fileID: 2092513762423018135}
  m_RootOrder: 4
  m_LocalEulerAnglesHint: {x: 0, y: 0, z: 90}
  m_AnchorMin: {x: 0.5, y: 0.5}
  m_AnchorMax: {x: 0.5, y: 0.5}
  m_AnchoredPosition: {x: 289.9, y: -47}
  m_SizeDelta: {x: 29.539314, y: 57.492813}
  m_Pivot: {x: 0.5, y: 0.5}
--- !u!222 &786586243
CanvasRenderer:
  m_ObjectHideFlags: 0
  m_CorrespondingSourceObject: {fileID: 0}
  m_PrefabInstance: {fileID: 0}
  m_PrefabAsset: {fileID: 0}
  m_GameObject: {fileID: 786586238}
  m_CullTransparentMesh: 0
--- !u!114 &786586242
MonoBehaviour:
  m_ObjectHideFlags: 0
  m_CorrespondingSourceObject: {fileID: 0}
  m_PrefabInstance: {fileID: 0}
  m_PrefabAsset: {fileID: 0}
  m_GameObject: {fileID: 786586238}
  m_Enabled: 1
  m_EditorHideFlags: 0
  m_Script: {fileID: 11500000, guid: fe87c0e1cc204ed48ad3b37840f39efc, type: 3}
  m_Name: 
  m_EditorClassIdentifier: 
  m_Material: {fileID: 0}
  m_Color: {r: 0.4039216, g: 0.7725491, b: 0.8705883, a: 1}
  m_RaycastTarget: 1
  m_Maskable: 1
  m_OnCullStateChanged:
    m_PersistentCalls:
      m_Calls: []
  m_Sprite: {fileID: 21300000, guid: 8d5b15a2330e84b4e876610f0d407bb9, type: 3}
  m_Type: 0
  m_PreserveAspect: 0
  m_FillCenter: 1
  m_FillMethod: 4
  m_FillAmount: 1
  m_FillClockwise: 1
  m_FillOrigin: 0
  m_UseSpriteMesh: 0
  m_PixelsPerUnitMultiplier: 1
--- !u!114 &786586240
MonoBehaviour:
  m_ObjectHideFlags: 0
  m_CorrespondingSourceObject: {fileID: 0}
  m_PrefabInstance: {fileID: 0}
  m_PrefabAsset: {fileID: 0}
  m_GameObject: {fileID: 786586238}
  m_Enabled: 1
  m_EditorHideFlags: 0
  m_Script: {fileID: 11500000, guid: 056eadb6d88ccd14cbdb37e52e004c92, type: 3}
  m_Name: 
  m_EditorClassIdentifier: 
  graphic: {fileID: 786586242}
  desiredColorType: main
  overridesAlpha: 0
  alpha: 0
  colorController: {fileID: 11400000, guid: 03c6b1175a5ebb041a48ea2e62a76f73, type: 2}
--- !u!1 &1812163588532051421
GameObject:
  m_ObjectHideFlags: 0
  m_CorrespondingSourceObject: {fileID: 0}
  m_PrefabInstance: {fileID: 0}
  m_PrefabAsset: {fileID: 0}
  serializedVersion: 6
  m_Component:
  - component: {fileID: 1419529753188070063}
  - component: {fileID: 4129093189245074490}
  - component: {fileID: 8175390602821359904}
  m_Layer: 5
  m_Name: NumberText
  m_TagString: Untagged
  m_Icon: {fileID: 0}
  m_NavMeshLayer: 0
  m_StaticEditorFlags: 0
  m_IsActive: 1
--- !u!224 &1419529753188070063
RectTransform:
  m_ObjectHideFlags: 0
  m_CorrespondingSourceObject: {fileID: 0}
  m_PrefabInstance: {fileID: 0}
  m_PrefabAsset: {fileID: 0}
  m_GameObject: {fileID: 1812163588532051421}
  m_LocalRotation: {x: -0, y: -0, z: -0, w: 1}
  m_LocalPosition: {x: 0, y: 0, z: 0}
  m_LocalScale: {x: 1, y: 1, z: 1}
  m_Children: []
  m_Father: {fileID: 4763359028217476593}
  m_RootOrder: 0
  m_LocalEulerAnglesHint: {x: 0, y: 0, z: 0}
  m_AnchorMin: {x: 0, y: 0}
  m_AnchorMax: {x: 1, y: 1}
  m_AnchoredPosition: {x: 0, y: 0}
  m_SizeDelta: {x: -24, y: -24}
  m_Pivot: {x: 0.5, y: 0.5}
--- !u!222 &4129093189245074490
CanvasRenderer:
  m_ObjectHideFlags: 0
  m_CorrespondingSourceObject: {fileID: 0}
  m_PrefabInstance: {fileID: 0}
  m_PrefabAsset: {fileID: 0}
  m_GameObject: {fileID: 1812163588532051421}
  m_CullTransparentMesh: 0
--- !u!114 &8175390602821359904
MonoBehaviour:
  m_ObjectHideFlags: 0
  m_CorrespondingSourceObject: {fileID: 0}
  m_PrefabInstance: {fileID: 0}
  m_PrefabAsset: {fileID: 0}
  m_GameObject: {fileID: 1812163588532051421}
  m_Enabled: 1
  m_EditorHideFlags: 0
  m_Script: {fileID: 11500000, guid: 5f7201a12d95ffc409449d95f23cf332, type: 3}
  m_Name: 
  m_EditorClassIdentifier: 
  m_Material: {fileID: 0}
  m_Color: {r: 0, g: 0, b: 0, a: 1}
  m_RaycastTarget: 0
  m_Maskable: 1
  m_OnCullStateChanged:
    m_PersistentCalls:
      m_Calls: []
  m_FontData:
    m_Font: {fileID: 12800000, guid: f925964b816248843808f128e1b0842f, type: 3}
    m_FontSize: 40
    m_FontStyle: 0
    m_BestFit: 1
    m_MinSize: 35
    m_MaxSize: 45
    m_Alignment: 4
    m_AlignByGeometry: 1
    m_RichText: 1
    m_HorizontalOverflow: 0
    m_VerticalOverflow: 1
    m_LineSpacing: 1
  m_Text: 10
--- !u!1 &1850977202784158994
GameObject:
  m_ObjectHideFlags: 0
  m_CorrespondingSourceObject: {fileID: 0}
  m_PrefabInstance: {fileID: 0}
  m_PrefabAsset: {fileID: 0}
  serializedVersion: 6
  m_Component:
  - component: {fileID: 735284748286997423}
  - component: {fileID: 6237243793685090191}
  - component: {fileID: 3624651807405794950}
  m_Layer: 5
  m_Name: BuffHeaderIcon
  m_TagString: Untagged
  m_Icon: {fileID: 0}
  m_NavMeshLayer: 0
  m_StaticEditorFlags: 0
  m_IsActive: 1
--- !u!224 &735284748286997423
RectTransform:
  m_ObjectHideFlags: 0
  m_CorrespondingSourceObject: {fileID: 0}
  m_PrefabInstance: {fileID: 0}
  m_PrefabAsset: {fileID: 0}
  m_GameObject: {fileID: 1850977202784158994}
  m_LocalRotation: {x: -0, y: -0, z: -0, w: 1}
  m_LocalPosition: {x: 0, y: 0, z: 0}
  m_LocalScale: {x: 1, y: 1, z: 1}
  m_Children: []
  m_Father: {fileID: 2092513762423018135}
  m_RootOrder: 0
  m_LocalEulerAnglesHint: {x: 0, y: 0, z: 0}
  m_AnchorMin: {x: 0, y: 1}
  m_AnchorMax: {x: 0, y: 1}
  m_AnchoredPosition: {x: 0, y: -9}
  m_SizeDelta: {x: 230, y: 230}
  m_Pivot: {x: 0, y: 1}
--- !u!222 &6237243793685090191
CanvasRenderer:
  m_ObjectHideFlags: 0
  m_CorrespondingSourceObject: {fileID: 0}
  m_PrefabInstance: {fileID: 0}
  m_PrefabAsset: {fileID: 0}
  m_GameObject: {fileID: 1850977202784158994}
  m_CullTransparentMesh: 0
--- !u!114 &3624651807405794950
MonoBehaviour:
  m_ObjectHideFlags: 0
  m_CorrespondingSourceObject: {fileID: 0}
  m_PrefabInstance: {fileID: 0}
  m_PrefabAsset: {fileID: 0}
  m_GameObject: {fileID: 1850977202784158994}
  m_Enabled: 1
  m_EditorHideFlags: 0
  m_Script: {fileID: 11500000, guid: fe87c0e1cc204ed48ad3b37840f39efc, type: 3}
  m_Name: 
  m_EditorClassIdentifier: 
  m_Material: {fileID: 0}
  m_Color: {r: 1, g: 1, b: 1, a: 1}
  m_RaycastTarget: 0
  m_Maskable: 1
  m_OnCullStateChanged:
    m_PersistentCalls:
      m_Calls: []
  m_Sprite: {fileID: 21300000, guid: 45671da1f845e1c4f98aa5fc84a0c4c3, type: 3}
  m_Type: 0
  m_PreserveAspect: 0
  m_FillCenter: 1
  m_FillMethod: 4
  m_FillAmount: 1
  m_FillClockwise: 1
  m_FillOrigin: 0
  m_UseSpriteMesh: 0
  m_PixelsPerUnitMultiplier: 1
--- !u!1 &3997758618772321131
GameObject:
  m_ObjectHideFlags: 0
  m_CorrespondingSourceObject: {fileID: 0}
  m_PrefabInstance: {fileID: 0}
  m_PrefabAsset: {fileID: 0}
  serializedVersion: 6
  m_Component:
  - component: {fileID: 4763359028217476593}
  - component: {fileID: 1180239554865792072}
  - component: {fileID: 2535778767333719019}
  - component: {fileID: 954403549389834202}
  m_Layer: 5
  m_Name: Level
  m_TagString: Untagged
  m_Icon: {fileID: 0}
  m_NavMeshLayer: 0
  m_StaticEditorFlags: 0
  m_IsActive: 1
--- !u!224 &4763359028217476593
RectTransform:
  m_ObjectHideFlags: 0
  m_CorrespondingSourceObject: {fileID: 0}
  m_PrefabInstance: {fileID: 0}
  m_PrefabAsset: {fileID: 0}
  m_GameObject: {fileID: 3997758618772321131}
  m_LocalRotation: {x: -0, y: -0, z: -0, w: 1}
  m_LocalPosition: {x: 0, y: 0, z: 0}
  m_LocalScale: {x: 1, y: 1, z: 1}
  m_Children:
  - {fileID: 1419529753188070063}
  m_Father: {fileID: 2092513762423018135}
  m_RootOrder: 6
  m_LocalEulerAnglesHint: {x: 0, y: 0, z: 0}
  m_AnchorMin: {x: 0, y: 1}
  m_AnchorMax: {x: 0, y: 1}
  m_AnchoredPosition: {x: 196, y: -92}
  m_SizeDelta: {x: 70, y: 70}
  m_Pivot: {x: 0.5, y: 0}
--- !u!222 &1180239554865792072
CanvasRenderer:
  m_ObjectHideFlags: 0
  m_CorrespondingSourceObject: {fileID: 0}
  m_PrefabInstance: {fileID: 0}
  m_PrefabAsset: {fileID: 0}
  m_GameObject: {fileID: 3997758618772321131}
  m_CullTransparentMesh: 0
--- !u!114 &2535778767333719019
MonoBehaviour:
  m_ObjectHideFlags: 0
  m_CorrespondingSourceObject: {fileID: 0}
  m_PrefabInstance: {fileID: 0}
  m_PrefabAsset: {fileID: 0}
  m_GameObject: {fileID: 3997758618772321131}
  m_Enabled: 1
  m_EditorHideFlags: 0
  m_Script: {fileID: 11500000, guid: fe87c0e1cc204ed48ad3b37840f39efc, type: 3}
  m_Name: 
  m_EditorClassIdentifier: 
  m_Material: {fileID: 0}
  m_Color: {r: 1, g: 0.8985801, b: 0.6, a: 1}
  m_RaycastTarget: 0
  m_Maskable: 1
  m_OnCullStateChanged:
    m_PersistentCalls:
      m_Calls: []
  m_Sprite: {fileID: 21300000, guid: b6343f138fcd5438084af933606bad69, type: 3}
  m_Type: 0
  m_PreserveAspect: 0
  m_FillCenter: 1
  m_FillMethod: 4
  m_FillAmount: 1
  m_FillClockwise: 1
  m_FillOrigin: 0
  m_UseSpriteMesh: 0
  m_PixelsPerUnitMultiplier: 2
--- !u!114 &954403549389834202
MonoBehaviour:
  m_ObjectHideFlags: 0
  m_CorrespondingSourceObject: {fileID: 0}
  m_PrefabInstance: {fileID: 0}
  m_PrefabAsset: {fileID: 0}
  m_GameObject: {fileID: 3997758618772321131}
  m_Enabled: 1
  m_EditorHideFlags: 0
  m_Script: {fileID: 11500000, guid: 056eadb6d88ccd14cbdb37e52e004c92, type: 3}
  m_Name: 
  m_EditorClassIdentifier: 
  graphic: {fileID: 2535778767333719019}
  desiredColorType: second_light
  overridesAlpha: 0
  alpha: 0
  colorController: {fileID: 11400000, guid: 03c6b1175a5ebb041a48ea2e62a76f73, type: 2}
--- !u!1 &4280869724722578639
GameObject:
  m_ObjectHideFlags: 0
  m_CorrespondingSourceObject: {fileID: 0}
  m_PrefabInstance: {fileID: 0}
  m_PrefabAsset: {fileID: 0}
  serializedVersion: 6
  m_Component:
  - component: {fileID: 3286644941392011294}
  - component: {fileID: 5941435289259667553}
  - component: {fileID: 8020672781916191799}
  - component: {fileID: 3187175726321773639}
  m_Layer: 5
  m_Name: Objects
  m_TagString: Untagged
  m_Icon: {fileID: 0}
  m_NavMeshLayer: 0
  m_StaticEditorFlags: 0
  m_IsActive: 1
--- !u!224 &3286644941392011294
RectTransform:
  m_ObjectHideFlags: 0
  m_CorrespondingSourceObject: {fileID: 0}
  m_PrefabInstance: {fileID: 0}
  m_PrefabAsset: {fileID: 0}
  m_GameObject: {fileID: 4280869724722578639}
  m_LocalRotation: {x: -0, y: -0, z: -0, w: 1}
  m_LocalPosition: {x: 0, y: 0, z: 0}
  m_LocalScale: {x: 1, y: 1, z: 1}
  m_Children:
  - {fileID: 2936753483387544466}
  - {fileID: 2545059204633775833}
  - {fileID: 1251910783394081038}
  - {fileID: 5605870294223008779}
  m_Father: {fileID: 2092513762423018135}
  m_RootOrder: 5
  m_LocalEulerAnglesHint: {x: 0, y: 0, z: 0}
  m_AnchorMin: {x: 0, y: 0}
  m_AnchorMax: {x: 0, y: 0}
  m_AnchoredPosition: {x: 6, y: 12}
  m_SizeDelta: {x: 517.20154, y: 132.65842}
  m_Pivot: {x: 0, y: 0}
--- !u!222 &5941435289259667553
CanvasRenderer:
  m_ObjectHideFlags: 0
  m_CorrespondingSourceObject: {fileID: 0}
  m_PrefabInstance: {fileID: 0}
  m_PrefabAsset: {fileID: 0}
  m_GameObject: {fileID: 4280869724722578639}
  m_CullTransparentMesh: 0
--- !u!114 &8020672781916191799
MonoBehaviour:
  m_ObjectHideFlags: 0
  m_CorrespondingSourceObject: {fileID: 0}
  m_PrefabInstance: {fileID: 0}
  m_PrefabAsset: {fileID: 0}
  m_GameObject: {fileID: 4280869724722578639}
  m_Enabled: 0
  m_EditorHideFlags: 0
  m_Script: {fileID: 11500000, guid: fe87c0e1cc204ed48ad3b37840f39efc, type: 3}
  m_Name: 
  m_EditorClassIdentifier: 
  m_Material: {fileID: 0}
  m_Color: {r: 0.011712074, g: 1, b: 0, a: 1}
  m_RaycastTarget: 0
  m_Maskable: 1
  m_OnCullStateChanged:
    m_PersistentCalls:
      m_Calls: []
  m_Sprite: {fileID: 0}
  m_Type: 0
  m_PreserveAspect: 0
  m_FillCenter: 1
  m_FillMethod: 4
  m_FillAmount: 1
  m_FillClockwise: 1
  m_FillOrigin: 0
  m_UseSpriteMesh: 0
  m_PixelsPerUnitMultiplier: 1
--- !u!114 &3187175726321773639
MonoBehaviour:
  m_ObjectHideFlags: 0
  m_CorrespondingSourceObject: {fileID: 0}
  m_PrefabInstance: {fileID: 0}
  m_PrefabAsset: {fileID: 0}
  m_GameObject: {fileID: 4280869724722578639}
  m_Enabled: 1
  m_EditorHideFlags: 0
  m_Script: {fileID: 11500000, guid: 30649d3a9faa99c48a7b1166b86bf2a0, type: 3}
  m_Name: 
  m_EditorClassIdentifier: 
  m_Padding:
    m_Left: 0
    m_Right: 0
    m_Top: 0
    m_Bottom: 0
  m_ChildAlignment: 2
  m_Spacing: 33.06
  m_ChildForceExpandWidth: 0
  m_ChildForceExpandHeight: 0
  m_ChildControlWidth: 0
  m_ChildControlHeight: 0
  m_ChildScaleWidth: 0
  m_ChildScaleHeight: 0
--- !u!1 &4637329345344559918
GameObject:
  m_ObjectHideFlags: 0
  m_CorrespondingSourceObject: {fileID: 0}
  m_PrefabInstance: {fileID: 0}
  m_PrefabAsset: {fileID: 0}
  serializedVersion: 6
  m_Component:
  - component: {fileID: 2092513762423018135}
  - component: {fileID: 3893011968494302129}
  - component: {fileID: 3145001376029581673}
  - component: {fileID: 5603043419217331}
  m_Layer: 5
  m_Name: BuffItem
  m_TagString: Untagged
  m_Icon: {fileID: 0}
  m_NavMeshLayer: 0
  m_StaticEditorFlags: 0
  m_IsActive: 1
--- !u!224 &2092513762423018135
RectTransform:
  m_ObjectHideFlags: 0
  m_CorrespondingSourceObject: {fileID: 0}
  m_PrefabInstance: {fileID: 0}
  m_PrefabAsset: {fileID: 0}
  m_GameObject: {fileID: 4637329345344559918}
  m_LocalRotation: {x: 0, y: 0, z: 0, w: 1}
  m_LocalPosition: {x: 0, y: 0, z: 0}
  m_LocalScale: {x: 1, y: 1, z: 1}
  m_Children:
  - {fileID: 735284748286997423}
  - {fileID: 5372692913561348362}
  - {fileID: 6011765485693054461}
  - {fileID: 923356532811444793}
  - {fileID: 786586239}
  - {fileID: 3286644941392011294}
  - {fileID: 4763359028217476593}
  - {fileID: 4034048541539348279}
  - {fileID: 5934592195392048033}
  m_Father: {fileID: 0}
  m_RootOrder: 0
  m_LocalEulerAnglesHint: {x: 0, y: 0, z: 0}
  m_AnchorMin: {x: 0, y: 0}
  m_AnchorMax: {x: 0, y: 0}
  m_AnchoredPosition: {x: 0, y: 11}
  m_SizeDelta: {x: 815, y: 415.70154}
  m_Pivot: {x: 0.5, y: 0.5}
--- !u!222 &3893011968494302129
CanvasRenderer:
  m_ObjectHideFlags: 0
  m_CorrespondingSourceObject: {fileID: 0}
  m_PrefabInstance: {fileID: 0}
  m_PrefabAsset: {fileID: 0}
  m_GameObject: {fileID: 4637329345344559918}
  m_CullTransparentMesh: 0
--- !u!114 &3145001376029581673
MonoBehaviour:
  m_ObjectHideFlags: 0
  m_CorrespondingSourceObject: {fileID: 0}
  m_PrefabInstance: {fileID: 0}
  m_PrefabAsset: {fileID: 0}
  m_GameObject: {fileID: 4637329345344559918}
  m_Enabled: 1
  m_EditorHideFlags: 0
  m_Script: {fileID: 11500000, guid: fe87c0e1cc204ed48ad3b37840f39efc, type: 3}
  m_Name: 
  m_EditorClassIdentifier: 
  m_Material: {fileID: 0}
  m_Color: {r: 1, g: 1, b: 1, a: 1}
  m_RaycastTarget: 0
  m_Maskable: 1
  m_OnCullStateChanged:
    m_PersistentCalls:
      m_Calls: []
  m_Sprite: {fileID: 21300000, guid: f90419eabd4a34f19bb6c4f0e2147aaa, type: 3}
  m_Type: 1
  m_PreserveAspect: 0
  m_FillCenter: 1
  m_FillMethod: 4
  m_FillAmount: 1
  m_FillClockwise: 1
  m_FillOrigin: 0
  m_UseSpriteMesh: 0
  m_PixelsPerUnitMultiplier: 1.5
--- !u!114 &5603043419217331
MonoBehaviour:
  m_ObjectHideFlags: 0
  m_CorrespondingSourceObject: {fileID: 0}
  m_PrefabInstance: {fileID: 0}
  m_PrefabAsset: {fileID: 0}
  m_GameObject: {fileID: 4637329345344559918}
  m_Enabled: 1
  m_EditorHideFlags: 0
  m_Script: {fileID: 11500000, guid: 76951b07756d96144ae2539d6b63f23c, type: 3}
  m_Name: 
  m_EditorClassIdentifier: 
  mainImage: {fileID: 0}
  lookComponentsInChildren: 0
  componentChild: {fileID: 0}
  isInteractable: 0
  buttonIcon: {fileID: 0}
  isDraggable: 0
  lockX: 0
  lockY: 0
  rangeLeftX: 0
  rangeRightX: 0
  rangeLeftY: 0
  rangeRightY: 0
  initPosition: {x: 0, y: 0}
  isAnimatable: 0
  punchSizeIncrement: 0
  punchTimeLength: 0
  anim: 0
  isOutlinable: 0
  outlineImage: {fileID: 0}
  outlineTime: 0
  isTintable: 0
  tintDuration: 0
  useAnimatableTimeScale: 0
  isHoldable: 0
  hasTouchSound: 0
  sound: 0
  audioController: {fileID: 0}
  isRealTimeUpdateable: 1
  usesBadge: 0
  badge: {fileID: 0}
  uiController: {fileID: 11400000, guid: de75965cb8b912e49960642082c05519, type: 2}
  isHighlightable: 0
  highlightOnUnlocking: 0
  unlockingHighlightTime: 0
  highlightedTimes: 0
  tapsToStopHighlight: 0
  hasStrongHighlight: 0
  strongHighlight: {fileID: 0}
  taps: 0
  isLocalizable: 1
  loc: {fileID: 11400000, guid: a37450c4e762fd048bf828a2e93544cc, type: 2}
  uiLocalizables: []
  isBankListener: 0
  bank: {fileID: 0}
  currenciesToListen: 
  hasWarnings: 0
  usesColorModule: 0
  mainColor: {r: 0, g: 0, b: 0, a: 0}
  touchedColor: {r: 0, g: 0, b: 0, a: 0}
  highlightColor: {r: 0, g: 0, b: 0, a: 0}
  lockedColor: {r: 0, g: 0, b: 0, a: 0}
  colorizableController: {fileID: 0}
  doesOverridePalette: 0
  buffIcon: {fileID: 3624651807405794950}
  buffTitle: {fileID: 8914577335770406121}
  buffDescription: {fileID: 6603782020102442680}
  levelSlider: {fileID: 3004919198815899427}
  craftItemsContainer: {fileID: 4280869724722578639}
  craftItems: []
  buffLevel: {fileID: 8175390602821359904}
  upgradeButton: {fileID: 1860276914247139193}
  priceText: {fileID: 8242965380169764894}
--- !u!1 &5861316226173866982
GameObject:
  m_ObjectHideFlags: 0
  m_CorrespondingSourceObject: {fileID: 0}
  m_PrefabInstance: {fileID: 0}
  m_PrefabAsset: {fileID: 0}
  serializedVersion: 6
  m_Component:
  - component: {fileID: 6011765485693054461}
  - component: {fileID: 7848562589592180729}
  - component: {fileID: 6603782020102442680}
  m_Layer: 5
  m_Name: Description
  m_TagString: Untagged
  m_Icon: {fileID: 0}
  m_NavMeshLayer: 0
  m_StaticEditorFlags: 0
  m_IsActive: 1
--- !u!224 &6011765485693054461
RectTransform:
  m_ObjectHideFlags: 0
  m_CorrespondingSourceObject: {fileID: 0}
  m_PrefabInstance: {fileID: 0}
  m_PrefabAsset: {fileID: 0}
  m_GameObject: {fileID: 5861316226173866982}
  m_LocalRotation: {x: -0, y: -0, z: -0, w: 1}
  m_LocalPosition: {x: 0, y: 0, z: 0}
  m_LocalScale: {x: 1, y: 1, z: 1}
  m_Children: []
  m_Father: {fileID: 2092513762423018135}
  m_RootOrder: 2
  m_LocalEulerAnglesHint: {x: 0, y: 0, z: 0}
  m_AnchorMin: {x: 0, y: 1}
  m_AnchorMax: {x: 0, y: 1}
  m_AnchoredPosition: {x: 522, y: -109}
  m_SizeDelta: {x: 567.5499, y: 101.92023}
  m_Pivot: {x: 0.5, y: 1}
--- !u!222 &7848562589592180729
CanvasRenderer:
  m_ObjectHideFlags: 0
  m_CorrespondingSourceObject: {fileID: 0}
  m_PrefabInstance: {fileID: 0}
  m_PrefabAsset: {fileID: 0}
  m_GameObject: {fileID: 5861316226173866982}
  m_CullTransparentMesh: 0
--- !u!114 &6603782020102442680
MonoBehaviour:
  m_ObjectHideFlags: 0
  m_CorrespondingSourceObject: {fileID: 0}
  m_PrefabInstance: {fileID: 0}
  m_PrefabAsset: {fileID: 0}
  m_GameObject: {fileID: 5861316226173866982}
  m_Enabled: 1
  m_EditorHideFlags: 0
  m_Script: {fileID: 11500000, guid: 5f7201a12d95ffc409449d95f23cf332, type: 3}
  m_Name: 
  m_EditorClassIdentifier: 
  m_Material: {fileID: 0}
  m_Color: {r: 0.19607843, g: 0.19607843, b: 0.19607843, a: 1}
  m_RaycastTarget: 0
  m_Maskable: 1
  m_OnCullStateChanged:
    m_PersistentCalls:
      m_Calls: []
  m_FontData:
    m_Font: {fileID: 12800000, guid: 9d89624cb538ec74b9e099b73875e3fe, type: 3}
    m_FontSize: 30
    m_FontStyle: 0
    m_BestFit: 1
    m_MinSize: 27
    m_MaxSize: 30
    m_Alignment: 0
    m_AlignByGeometry: 0
    m_RichText: 1
    m_HorizontalOverflow: 0
    m_VerticalOverflow: 0
    m_LineSpacing: 1
  m_Text: "Llama {0:0} mascotas sin hogar autom\xE1ticamente cada <color=darkblue><b>{1:0.0}s</b></color>"
--- !u!1 &9162039923540690414
GameObject:
  m_ObjectHideFlags: 0
  m_CorrespondingSourceObject: {fileID: 0}
  m_PrefabInstance: {fileID: 0}
  m_PrefabAsset: {fileID: 0}
  serializedVersion: 6
  m_Component:
  - component: {fileID: 5372692913561348362}
  - component: {fileID: 8172731621277086875}
  - component: {fileID: 8914577335770406121}
  - component: {fileID: 6999134771405336762}
  m_Layer: 5
  m_Name: Title
  m_TagString: Untagged
  m_Icon: {fileID: 0}
  m_NavMeshLayer: 0
  m_StaticEditorFlags: 0
  m_IsActive: 1
--- !u!224 &5372692913561348362
RectTransform:
  m_ObjectHideFlags: 0
  m_CorrespondingSourceObject: {fileID: 0}
  m_PrefabInstance: {fileID: 0}
  m_PrefabAsset: {fileID: 0}
  m_GameObject: {fileID: 9162039923540690414}
  m_LocalRotation: {x: -0, y: -0, z: -0, w: 1}
  m_LocalPosition: {x: 0, y: 0, z: 0}
  m_LocalScale: {x: 1, y: 1, z: 1}
  m_Children: []
  m_Father: {fileID: 2092513762423018135}
  m_RootOrder: 1
  m_LocalEulerAnglesHint: {x: 0, y: 0, z: 0}
  m_AnchorMin: {x: 0, y: 1}
  m_AnchorMax: {x: 0, y: 1}
  m_AnchoredPosition: {x: 519.74, y: -3}
  m_SizeDelta: {x: 572.07495, y: 99}
  m_Pivot: {x: 0.5, y: 1}
--- !u!222 &8172731621277086875
CanvasRenderer:
  m_ObjectHideFlags: 0
  m_CorrespondingSourceObject: {fileID: 0}
  m_PrefabInstance: {fileID: 0}
  m_PrefabAsset: {fileID: 0}
  m_GameObject: {fileID: 9162039923540690414}
  m_CullTransparentMesh: 0
--- !u!114 &8914577335770406121
MonoBehaviour:
  m_ObjectHideFlags: 0
  m_CorrespondingSourceObject: {fileID: 0}
  m_PrefabInstance: {fileID: 0}
  m_PrefabAsset: {fileID: 0}
  m_GameObject: {fileID: 9162039923540690414}
  m_Enabled: 1
  m_EditorHideFlags: 0
  m_Script: {fileID: 11500000, guid: 5f7201a12d95ffc409449d95f23cf332, type: 3}
  m_Name: 
  m_EditorClassIdentifier: 
  m_Material: {fileID: 0}
  m_Color: {r: 0.19607843, g: 0.19607843, b: 0.19607843, a: 1}
  m_RaycastTarget: 0
  m_Maskable: 1
  m_OnCullStateChanged:
    m_PersistentCalls:
      m_Calls: []
  m_FontData:
    m_Font: {fileID: 12800000, guid: 2b670064b08449e499ac078dda4cc818, type: 3}
    m_FontSize: 40
    m_FontStyle: 0
    m_BestFit: 0
    m_MinSize: 0
    m_MaxSize: 80
    m_Alignment: 6
    m_AlignByGeometry: 0
    m_RichText: 1
    m_HorizontalOverflow: 0
    m_VerticalOverflow: 0
    m_LineSpacing: 1
  m_Text: OFERTA DE LA TABERNA
--- !u!114 &6999134771405336762
MonoBehaviour:
  m_ObjectHideFlags: 0
  m_CorrespondingSourceObject: {fileID: 0}
  m_PrefabInstance: {fileID: 0}
  m_PrefabAsset: {fileID: 0}
  m_GameObject: {fileID: 9162039923540690414}
  m_Enabled: 1
  m_EditorHideFlags: 0
  m_Script: {fileID: 11500000, guid: 16d8afa6a03f6b9499bc71cdacb22cea, type: 3}
  m_Name: 
  m_EditorClassIdentifier: 
  mode: Upcase
--- !u!1001 &1004535212
PrefabInstance:
  m_ObjectHideFlags: 0
  serializedVersion: 2
  m_Modification:
    m_TransformParent: {fileID: 2092513762423018135}
    m_Modifications:
    - target: {fileID: 89238175920585628, guid: ceaccecb5c4fe834fb9f51b372ae1234,
        type: 3}
      propertyPath: m_RaycastTarget
      value: 0
      objectReference: {fileID: 0}
    - target: {fileID: 3004919198208209551, guid: ceaccecb5c4fe834fb9f51b372ae1234,
        type: 3}
      propertyPath: m_Value
      value: 1
      objectReference: {fileID: 0}
    - target: {fileID: 3004919198208209551, guid: ceaccecb5c4fe834fb9f51b372ae1234,
        type: 3}
      propertyPath: m_MaxValue
      value: 1
      objectReference: {fileID: 0}
    - target: {fileID: 4034048540899365531, guid: ceaccecb5c4fe834fb9f51b372ae1234,
        type: 3}
      propertyPath: m_LocalPosition.x
      value: 0
      objectReference: {fileID: 0}
    - target: {fileID: 4034048540899365531, guid: ceaccecb5c4fe834fb9f51b372ae1234,
        type: 3}
      propertyPath: m_LocalPosition.y
      value: 0
      objectReference: {fileID: 0}
    - target: {fileID: 4034048540899365531, guid: ceaccecb5c4fe834fb9f51b372ae1234,
        type: 3}
      propertyPath: m_LocalPosition.z
      value: 0
      objectReference: {fileID: 0}
    - target: {fileID: 4034048540899365531, guid: ceaccecb5c4fe834fb9f51b372ae1234,
        type: 3}
      propertyPath: m_LocalRotation.x
      value: -0
      objectReference: {fileID: 0}
    - target: {fileID: 4034048540899365531, guid: ceaccecb5c4fe834fb9f51b372ae1234,
        type: 3}
      propertyPath: m_LocalRotation.y
      value: -0
      objectReference: {fileID: 0}
    - target: {fileID: 4034048540899365531, guid: ceaccecb5c4fe834fb9f51b372ae1234,
        type: 3}
      propertyPath: m_LocalRotation.z
      value: -0
      objectReference: {fileID: 0}
    - target: {fileID: 4034048540899365531, guid: ceaccecb5c4fe834fb9f51b372ae1234,
        type: 3}
      propertyPath: m_LocalRotation.w
      value: 1
      objectReference: {fileID: 0}
    - target: {fileID: 4034048540899365531, guid: ceaccecb5c4fe834fb9f51b372ae1234,
        type: 3}
      propertyPath: m_RootOrder
      value: 7
      objectReference: {fileID: 0}
    - target: {fileID: 4034048540899365531, guid: ceaccecb5c4fe834fb9f51b372ae1234,
        type: 3}
      propertyPath: m_LocalEulerAnglesHint.x
      value: 0
      objectReference: {fileID: 0}
    - target: {fileID: 4034048540899365531, guid: ceaccecb5c4fe834fb9f51b372ae1234,
        type: 3}
      propertyPath: m_LocalEulerAnglesHint.y
      value: 0
      objectReference: {fileID: 0}
    - target: {fileID: 4034048540899365531, guid: ceaccecb5c4fe834fb9f51b372ae1234,
        type: 3}
      propertyPath: m_LocalEulerAnglesHint.z
      value: 0
      objectReference: {fileID: 0}
    - target: {fileID: 4034048540899365531, guid: ceaccecb5c4fe834fb9f51b372ae1234,
        type: 3}
      propertyPath: m_AnchoredPosition.x
      value: 238
      objectReference: {fileID: 0}
    - target: {fileID: 4034048540899365531, guid: ceaccecb5c4fe834fb9f51b372ae1234,
        type: 3}
      propertyPath: m_AnchoredPosition.y
      value: -245
      objectReference: {fileID: 0}
    - target: {fileID: 4034048540899365531, guid: ceaccecb5c4fe834fb9f51b372ae1234,
        type: 3}
      propertyPath: m_SizeDelta.x
      value: 273.91187
      objectReference: {fileID: 0}
    - target: {fileID: 4034048540899365531, guid: ceaccecb5c4fe834fb9f51b372ae1234,
        type: 3}
      propertyPath: m_SizeDelta.y
      value: 16.955872
      objectReference: {fileID: 0}
    - target: {fileID: 4034048540899365531, guid: ceaccecb5c4fe834fb9f51b372ae1234,
        type: 3}
      propertyPath: m_AnchorMin.x
      value: 0
      objectReference: {fileID: 0}
    - target: {fileID: 4034048540899365531, guid: ceaccecb5c4fe834fb9f51b372ae1234,
        type: 3}
      propertyPath: m_AnchorMin.y
      value: 1
      objectReference: {fileID: 0}
    - target: {fileID: 4034048540899365531, guid: ceaccecb5c4fe834fb9f51b372ae1234,
        type: 3}
      propertyPath: m_AnchorMax.x
      value: 0
      objectReference: {fileID: 0}
    - target: {fileID: 4034048540899365531, guid: ceaccecb5c4fe834fb9f51b372ae1234,
        type: 3}
      propertyPath: m_AnchorMax.y
      value: 1
      objectReference: {fileID: 0}
    - target: {fileID: 4034048540899365531, guid: ceaccecb5c4fe834fb9f51b372ae1234,
        type: 3}
      propertyPath: m_Pivot.x
      value: 0
      objectReference: {fileID: 0}
    - target: {fileID: 4034048540899365531, guid: ceaccecb5c4fe834fb9f51b372ae1234,
        type: 3}
      propertyPath: m_Pivot.y
      value: 0
      objectReference: {fileID: 0}
    - target: {fileID: 4285025530246714142, guid: ceaccecb5c4fe834fb9f51b372ae1234,
        type: 3}
      propertyPath: m_FillAmount
      value: 1
      objectReference: {fileID: 0}
    - target: {fileID: 4285025530246714142, guid: ceaccecb5c4fe834fb9f51b372ae1234,
        type: 3}
      propertyPath: m_RaycastTarget
      value: 0
      objectReference: {fileID: 0}
    - target: {fileID: 4578127614819420004, guid: ceaccecb5c4fe834fb9f51b372ae1234,
        type: 3}
      propertyPath: m_RaycastTarget
      value: 0
      objectReference: {fileID: 0}
    - target: {fileID: 4710745803219884624, guid: ceaccecb5c4fe834fb9f51b372ae1234,
        type: 3}
      propertyPath: m_AnchorMax.x
      value: 0
      objectReference: {fileID: 0}
    - target: {fileID: 4710745803219884624, guid: ceaccecb5c4fe834fb9f51b372ae1234,
        type: 3}
      propertyPath: m_AnchorMax.y
      value: 0
      objectReference: {fileID: 0}
    - target: {fileID: 6058471427183258401, guid: ceaccecb5c4fe834fb9f51b372ae1234,
        type: 3}
      propertyPath: m_IsActive
      value: 0
      objectReference: {fileID: 0}
    - target: {fileID: 7248959100904093839, guid: ceaccecb5c4fe834fb9f51b372ae1234,
        type: 3}
      propertyPath: m_Name
      value: Slider
      objectReference: {fileID: 0}
    - target: {fileID: 7764729900991177596, guid: ceaccecb5c4fe834fb9f51b372ae1234,
        type: 3}
      propertyPath: m_AnchorMin.x
      value: 0
      objectReference: {fileID: 0}
    - target: {fileID: 7764729900991177596, guid: ceaccecb5c4fe834fb9f51b372ae1234,
        type: 3}
      propertyPath: m_AnchorMax.x
      value: 0
      objectReference: {fileID: 0}
    - target: {fileID: 7764729900991177596, guid: ceaccecb5c4fe834fb9f51b372ae1234,
        type: 3}
      propertyPath: m_AnchorMax.y
      value: 0
      objectReference: {fileID: 0}
    - target: {fileID: 7764729900991177596, guid: ceaccecb5c4fe834fb9f51b372ae1234,
        type: 3}
      propertyPath: m_AnchoredPosition.x
      value: -5.899994
      objectReference: {fileID: 0}
    - target: {fileID: 7764729900991177596, guid: ceaccecb5c4fe834fb9f51b372ae1234,
        type: 3}
      propertyPath: m_SizeDelta.x
      value: 40
      objectReference: {fileID: 0}
    - target: {fileID: 7764729900991177596, guid: ceaccecb5c4fe834fb9f51b372ae1234,
        type: 3}
      propertyPath: m_AnchoredPosition.y
      value: -32.99974
      objectReference: {fileID: 0}
    - target: {fileID: 7764729900991177596, guid: ceaccecb5c4fe834fb9f51b372ae1234,
        type: 3}
      propertyPath: m_SizeDelta.y
      value: 14.000519
      objectReference: {fileID: 0}
    m_RemovedComponents: []
  m_SourcePrefab: {fileID: 100100000, guid: ceaccecb5c4fe834fb9f51b372ae1234, type: 3}
--- !u!224 &4034048541539348279 stripped
RectTransform:
  m_CorrespondingSourceObject: {fileID: 4034048540899365531, guid: ceaccecb5c4fe834fb9f51b372ae1234,
    type: 3}
  m_PrefabInstance: {fileID: 1004535212}
  m_PrefabAsset: {fileID: 0}
--- !u!114 &3004919198815899427 stripped
MonoBehaviour:
  m_CorrespondingSourceObject: {fileID: 3004919198208209551, guid: ceaccecb5c4fe834fb9f51b372ae1234,
    type: 3}
  m_PrefabInstance: {fileID: 1004535212}
  m_PrefabAsset: {fileID: 0}
  m_GameObject: {fileID: 0}
  m_Enabled: 1
  m_EditorHideFlags: 0
  m_Script: {fileID: 11500000, guid: 67db9e8f0e2ae9c40bc1e2b64352a6b4, type: 3}
  m_Name: 
  m_EditorClassIdentifier: 
--- !u!1001 &611140441920902560
PrefabInstance:
  m_ObjectHideFlags: 0
  serializedVersion: 2
  m_Modification:
    m_TransformParent: {fileID: 3286644941392011294}
    m_Modifications:
    - target: {fileID: 5023547314556477864, guid: 946f98f3423176e4ab57988ef4017b30,
        type: 3}
      propertyPath: m_Name
      value: CraftItem (3)
      objectReference: {fileID: 0}
    - target: {fileID: 5023547314556477866, guid: 946f98f3423176e4ab57988ef4017b30,
        type: 3}
      propertyPath: m_RaycastTarget
      value: 0
      objectReference: {fileID: 0}
    - target: {fileID: 5023547314556477867, guid: 946f98f3423176e4ab57988ef4017b30,
        type: 3}
      propertyPath: m_LocalPosition.x
      value: 0
      objectReference: {fileID: 0}
    - target: {fileID: 5023547314556477867, guid: 946f98f3423176e4ab57988ef4017b30,
        type: 3}
      propertyPath: m_LocalPosition.y
      value: 0
      objectReference: {fileID: 0}
    - target: {fileID: 5023547314556477867, guid: 946f98f3423176e4ab57988ef4017b30,
        type: 3}
      propertyPath: m_LocalPosition.z
      value: 0
      objectReference: {fileID: 0}
    - target: {fileID: 5023547314556477867, guid: 946f98f3423176e4ab57988ef4017b30,
        type: 3}
      propertyPath: m_LocalRotation.x
      value: 0
      objectReference: {fileID: 0}
    - target: {fileID: 5023547314556477867, guid: 946f98f3423176e4ab57988ef4017b30,
        type: 3}
      propertyPath: m_LocalRotation.y
      value: 0
      objectReference: {fileID: 0}
    - target: {fileID: 5023547314556477867, guid: 946f98f3423176e4ab57988ef4017b30,
        type: 3}
      propertyPath: m_LocalRotation.z
      value: 0
      objectReference: {fileID: 0}
    - target: {fileID: 5023547314556477867, guid: 946f98f3423176e4ab57988ef4017b30,
        type: 3}
      propertyPath: m_LocalRotation.w
      value: 1
      objectReference: {fileID: 0}
    - target: {fileID: 5023547314556477867, guid: 946f98f3423176e4ab57988ef4017b30,
        type: 3}
      propertyPath: m_RootOrder
      value: 3
      objectReference: {fileID: 0}
    - target: {fileID: 5023547314556477867, guid: 946f98f3423176e4ab57988ef4017b30,
        type: 3}
      propertyPath: m_LocalEulerAnglesHint.x
      value: 0
      objectReference: {fileID: 0}
    - target: {fileID: 5023547314556477867, guid: 946f98f3423176e4ab57988ef4017b30,
        type: 3}
      propertyPath: m_LocalEulerAnglesHint.y
      value: 0
      objectReference: {fileID: 0}
    - target: {fileID: 5023547314556477867, guid: 946f98f3423176e4ab57988ef4017b30,
        type: 3}
      propertyPath: m_LocalEulerAnglesHint.z
      value: 0
      objectReference: {fileID: 0}
    - target: {fileID: 5023547314556477867, guid: 946f98f3423176e4ab57988ef4017b30,
        type: 3}
      propertyPath: m_AnchoredPosition.x
      value: 0
      objectReference: {fileID: 0}
    - target: {fileID: 5023547314556477867, guid: 946f98f3423176e4ab57988ef4017b30,
        type: 3}
      propertyPath: m_AnchoredPosition.y
      value: 0
      objectReference: {fileID: 0}
    - target: {fileID: 5023547314556477867, guid: 946f98f3423176e4ab57988ef4017b30,
        type: 3}
      propertyPath: m_SizeDelta.x
      value: 100
      objectReference: {fileID: 0}
    - target: {fileID: 5023547314556477867, guid: 946f98f3423176e4ab57988ef4017b30,
        type: 3}
      propertyPath: m_SizeDelta.y
      value: 100
      objectReference: {fileID: 0}
    - target: {fileID: 5023547314556477867, guid: 946f98f3423176e4ab57988ef4017b30,
        type: 3}
      propertyPath: m_AnchorMin.x
      value: 0
      objectReference: {fileID: 0}
    - target: {fileID: 5023547314556477867, guid: 946f98f3423176e4ab57988ef4017b30,
        type: 3}
      propertyPath: m_AnchorMin.y
      value: 0
      objectReference: {fileID: 0}
    - target: {fileID: 5023547314556477867, guid: 946f98f3423176e4ab57988ef4017b30,
        type: 3}
      propertyPath: m_AnchorMax.x
      value: 0
      objectReference: {fileID: 0}
    - target: {fileID: 5023547314556477867, guid: 946f98f3423176e4ab57988ef4017b30,
        type: 3}
      propertyPath: m_AnchorMax.y
      value: 0
      objectReference: {fileID: 0}
    - target: {fileID: 5023547314556477867, guid: 946f98f3423176e4ab57988ef4017b30,
        type: 3}
      propertyPath: m_Pivot.x
      value: 0.5
      objectReference: {fileID: 0}
    - target: {fileID: 5023547314556477867, guid: 946f98f3423176e4ab57988ef4017b30,
        type: 3}
      propertyPath: m_Pivot.y
      value: 0.5
      objectReference: {fileID: 0}
    - target: {fileID: 5023547314556477867, guid: 946f98f3423176e4ab57988ef4017b30,
        type: 3}
      propertyPath: m_LocalScale.x
      value: 1
      objectReference: {fileID: 0}
    - target: {fileID: 5023547314556477867, guid: 946f98f3423176e4ab57988ef4017b30,
        type: 3}
      propertyPath: m_LocalScale.y
      value: 1
      objectReference: {fileID: 0}
    - target: {fileID: 5023547314556477867, guid: 946f98f3423176e4ab57988ef4017b30,
        type: 3}
      propertyPath: m_LocalScale.z
      value: 1
      objectReference: {fileID: 0}
    - target: {fileID: 5023547315610444393, guid: 946f98f3423176e4ab57988ef4017b30,
        type: 3}
      propertyPath: m_RaycastTarget
      value: 0
      objectReference: {fileID: 0}
    - target: {fileID: 9187834649320829801, guid: 946f98f3423176e4ab57988ef4017b30,
        type: 3}
      propertyPath: m_RaycastTarget
      value: 0
      objectReference: {fileID: 0}
    m_RemovedComponents: []
  m_SourcePrefab: {fileID: 100100000, guid: 946f98f3423176e4ab57988ef4017b30, type: 3}
--- !u!224 &5605870294223008779 stripped
RectTransform:
  m_CorrespondingSourceObject: {fileID: 5023547314556477867, guid: 946f98f3423176e4ab57988ef4017b30,
    type: 3}
  m_PrefabInstance: {fileID: 611140441920902560}
  m_PrefabAsset: {fileID: 0}
--- !u!1001 &740024985569431510
PrefabInstance:
  m_ObjectHideFlags: 0
  serializedVersion: 2
  m_Modification:
    m_TransformParent: {fileID: 2092513762423018135}
    m_Modifications:
    - target: {fileID: 1336424223917019491, guid: 488f3c9c65fa39245b1d77e97772cad0,
        type: 3}
      propertyPath: m_RaycastTarget
      value: 0
      objectReference: {fileID: 0}
    - target: {fileID: 3839583098247854637, guid: 488f3c9c65fa39245b1d77e97772cad0,
        type: 3}
      propertyPath: m_SizeDelta.x
      value: 60
      objectReference: {fileID: 0}
    - target: {fileID: 3839583098247854637, guid: 488f3c9c65fa39245b1d77e97772cad0,
        type: 3}
      propertyPath: m_SizeDelta.y
      value: 60
      objectReference: {fileID: 0}
    - target: {fileID: 6087626010544834858, guid: 488f3c9c65fa39245b1d77e97772cad0,
        type: 3}
      propertyPath: m_Name
      value: CurrencyItem
      objectReference: {fileID: 0}
    - target: {fileID: 6349777391394587767, guid: 488f3c9c65fa39245b1d77e97772cad0,
        type: 3}
      propertyPath: m_LocalPosition.x
      value: 0
      objectReference: {fileID: 0}
    - target: {fileID: 6349777391394587767, guid: 488f3c9c65fa39245b1d77e97772cad0,
        type: 3}
      propertyPath: m_LocalPosition.y
      value: 0
      objectReference: {fileID: 0}
    - target: {fileID: 6349777391394587767, guid: 488f3c9c65fa39245b1d77e97772cad0,
        type: 3}
      propertyPath: m_LocalPosition.z
      value: 0
      objectReference: {fileID: 0}
    - target: {fileID: 6349777391394587767, guid: 488f3c9c65fa39245b1d77e97772cad0,
        type: 3}
      propertyPath: m_LocalRotation.x
      value: -0
      objectReference: {fileID: 0}
    - target: {fileID: 6349777391394587767, guid: 488f3c9c65fa39245b1d77e97772cad0,
        type: 3}
      propertyPath: m_LocalRotation.y
      value: -0
      objectReference: {fileID: 0}
    - target: {fileID: 6349777391394587767, guid: 488f3c9c65fa39245b1d77e97772cad0,
        type: 3}
      propertyPath: m_LocalRotation.z
      value: -0
      objectReference: {fileID: 0}
    - target: {fileID: 6349777391394587767, guid: 488f3c9c65fa39245b1d77e97772cad0,
        type: 3}
      propertyPath: m_LocalRotation.w
      value: 1
      objectReference: {fileID: 0}
    - target: {fileID: 6349777391394587767, guid: 488f3c9c65fa39245b1d77e97772cad0,
        type: 3}
      propertyPath: m_RootOrder
      value: 8
      objectReference: {fileID: 0}
    - target: {fileID: 6349777391394587767, guid: 488f3c9c65fa39245b1d77e97772cad0,
        type: 3}
      propertyPath: m_LocalEulerAnglesHint.x
      value: 0
      objectReference: {fileID: 0}
    - target: {fileID: 6349777391394587767, guid: 488f3c9c65fa39245b1d77e97772cad0,
        type: 3}
      propertyPath: m_LocalEulerAnglesHint.y
      value: 0
      objectReference: {fileID: 0}
    - target: {fileID: 6349777391394587767, guid: 488f3c9c65fa39245b1d77e97772cad0,
        type: 3}
      propertyPath: m_LocalEulerAnglesHint.z
      value: 0
      objectReference: {fileID: 0}
    - target: {fileID: 6349777391394587767, guid: 488f3c9c65fa39245b1d77e97772cad0,
        type: 3}
      propertyPath: m_AnchoredPosition.x
      value: -173
      objectReference: {fileID: 0}
    - target: {fileID: 6349777391394587767, guid: 488f3c9c65fa39245b1d77e97772cad0,
        type: 3}
      propertyPath: m_AnchoredPosition.y
      value: 144
      objectReference: {fileID: 0}
    - target: {fileID: 6349777391394587767, guid: 488f3c9c65fa39245b1d77e97772cad0,
        type: 3}
      propertyPath: m_SizeDelta.x
      value: 188.02222
      objectReference: {fileID: 0}
    - target: {fileID: 6349777391394587767, guid: 488f3c9c65fa39245b1d77e97772cad0,
        type: 3}
      propertyPath: m_SizeDelta.y
      value: 60
      objectReference: {fileID: 0}
    - target: {fileID: 6349777391394587767, guid: 488f3c9c65fa39245b1d77e97772cad0,
        type: 3}
      propertyPath: m_AnchorMin.x
      value: 1
      objectReference: {fileID: 0}
    - target: {fileID: 6349777391394587767, guid: 488f3c9c65fa39245b1d77e97772cad0,
        type: 3}
      propertyPath: m_AnchorMin.y
      value: 0
      objectReference: {fileID: 0}
    - target: {fileID: 6349777391394587767, guid: 488f3c9c65fa39245b1d77e97772cad0,
        type: 3}
      propertyPath: m_AnchorMax.x
      value: 1
      objectReference: {fileID: 0}
    - target: {fileID: 6349777391394587767, guid: 488f3c9c65fa39245b1d77e97772cad0,
        type: 3}
      propertyPath: m_AnchorMax.y
      value: 0
      objectReference: {fileID: 0}
    - target: {fileID: 6349777391394587767, guid: 488f3c9c65fa39245b1d77e97772cad0,
        type: 3}
      propertyPath: m_Pivot.x
      value: 0.5
      objectReference: {fileID: 0}
    - target: {fileID: 6349777391394587767, guid: 488f3c9c65fa39245b1d77e97772cad0,
        type: 3}
      propertyPath: m_Pivot.y
      value: 0.5
      objectReference: {fileID: 0}
    - target: {fileID: 7024368264346423937, guid: 488f3c9c65fa39245b1d77e97772cad0,
        type: 3}
      propertyPath: m_SizeDelta.y
      value: 60
      objectReference: {fileID: 0}
    - target: {fileID: 7024368264346423937, guid: 488f3c9c65fa39245b1d77e97772cad0,
        type: 3}
      propertyPath: m_AnchoredPosition.x
      value: 0
      objectReference: {fileID: 0}
    - target: {fileID: 7024368264346423937, guid: 488f3c9c65fa39245b1d77e97772cad0,
        type: 3}
      propertyPath: m_SizeDelta.x
      value: 122.35846
      objectReference: {fileID: 0}
    - target: {fileID: 8656478799352504264, guid: 488f3c9c65fa39245b1d77e97772cad0,
        type: 3}
      propertyPath: m_FontData.m_FontSize
      value: 45
      objectReference: {fileID: 0}
    - target: {fileID: 8656478799352504264, guid: 488f3c9c65fa39245b1d77e97772cad0,
        type: 3}
      propertyPath: m_RaycastTarget
      value: 0
      objectReference: {fileID: 0}
    m_RemovedComponents: []
  m_SourcePrefab: {fileID: 100100000, guid: 488f3c9c65fa39245b1d77e97772cad0, type: 3}
--- !u!224 &5934592195392048033 stripped
RectTransform:
  m_CorrespondingSourceObject: {fileID: 6349777391394587767, guid: 488f3c9c65fa39245b1d77e97772cad0,
    type: 3}
  m_PrefabInstance: {fileID: 740024985569431510}
  m_PrefabAsset: {fileID: 0}
--- !u!114 &8242965380169764894 stripped
MonoBehaviour:
  m_CorrespondingSourceObject: {fileID: 8656478799352504264, guid: 488f3c9c65fa39245b1d77e97772cad0,
    type: 3}
  m_PrefabInstance: {fileID: 740024985569431510}
  m_PrefabAsset: {fileID: 0}
  m_GameObject: {fileID: 0}
  m_Enabled: 1
  m_EditorHideFlags: 0
  m_Script: {fileID: 11500000, guid: 5f7201a12d95ffc409449d95f23cf332, type: 3}
  m_Name: 
  m_EditorClassIdentifier: 
--- !u!1001 &5597741019143516621
PrefabInstance:
  m_ObjectHideFlags: 0
  serializedVersion: 2
  m_Modification:
    m_TransformParent: {fileID: 2092513762423018135}
    m_Modifications:
    - target: {fileID: 4719561387639931892, guid: d558a76ed2ef7e840bb05c958625cba7,
        type: 3}
      propertyPath: m_LocalPosition.x
      value: 0
      objectReference: {fileID: 0}
    - target: {fileID: 4719561387639931892, guid: d558a76ed2ef7e840bb05c958625cba7,
        type: 3}
      propertyPath: m_LocalPosition.y
      value: 0
      objectReference: {fileID: 0}
    - target: {fileID: 4719561387639931892, guid: d558a76ed2ef7e840bb05c958625cba7,
        type: 3}
      propertyPath: m_LocalPosition.z
      value: 0
      objectReference: {fileID: 0}
    - target: {fileID: 4719561387639931892, guid: d558a76ed2ef7e840bb05c958625cba7,
        type: 3}
      propertyPath: m_LocalRotation.x
      value: 0
      objectReference: {fileID: 0}
    - target: {fileID: 4719561387639931892, guid: d558a76ed2ef7e840bb05c958625cba7,
        type: 3}
      propertyPath: m_LocalRotation.y
      value: 0
      objectReference: {fileID: 0}
    - target: {fileID: 4719561387639931892, guid: d558a76ed2ef7e840bb05c958625cba7,
        type: 3}
      propertyPath: m_LocalRotation.z
      value: 0
      objectReference: {fileID: 0}
    - target: {fileID: 4719561387639931892, guid: d558a76ed2ef7e840bb05c958625cba7,
        type: 3}
      propertyPath: m_LocalRotation.w
      value: 1
      objectReference: {fileID: 0}
    - target: {fileID: 4719561387639931892, guid: d558a76ed2ef7e840bb05c958625cba7,
        type: 3}
      propertyPath: m_RootOrder
      value: 3
      objectReference: {fileID: 0}
    - target: {fileID: 4719561387639931892, guid: d558a76ed2ef7e840bb05c958625cba7,
        type: 3}
      propertyPath: m_LocalEulerAnglesHint.x
      value: 0
      objectReference: {fileID: 0}
    - target: {fileID: 4719561387639931892, guid: d558a76ed2ef7e840bb05c958625cba7,
        type: 3}
      propertyPath: m_LocalEulerAnglesHint.y
      value: 0
      objectReference: {fileID: 0}
    - target: {fileID: 4719561387639931892, guid: d558a76ed2ef7e840bb05c958625cba7,
        type: 3}
      propertyPath: m_LocalEulerAnglesHint.z
      value: 0
      objectReference: {fileID: 0}
    - target: {fileID: 4719561387639931892, guid: d558a76ed2ef7e840bb05c958625cba7,
        type: 3}
      propertyPath: m_AnchoredPosition.x
      value: -31
      objectReference: {fileID: 0}
    - target: {fileID: 4719561387639931892, guid: d558a76ed2ef7e840bb05c958625cba7,
        type: 3}
      propertyPath: m_AnchoredPosition.y
      value: 10
      objectReference: {fileID: 0}
    - target: {fileID: 4719561387639931892, guid: d558a76ed2ef7e840bb05c958625cba7,
        type: 3}
      propertyPath: m_SizeDelta.x
      value: 234.53516
      objectReference: {fileID: 0}
    - target: {fileID: 4719561387639931892, guid: d558a76ed2ef7e840bb05c958625cba7,
        type: 3}
      propertyPath: m_SizeDelta.y
      value: 85.18872
      objectReference: {fileID: 0}
    - target: {fileID: 4719561387639931892, guid: d558a76ed2ef7e840bb05c958625cba7,
        type: 3}
      propertyPath: m_AnchorMin.x
      value: 1
      objectReference: {fileID: 0}
    - target: {fileID: 4719561387639931892, guid: d558a76ed2ef7e840bb05c958625cba7,
        type: 3}
      propertyPath: m_AnchorMin.y
      value: 0
      objectReference: {fileID: 0}
    - target: {fileID: 4719561387639931892, guid: d558a76ed2ef7e840bb05c958625cba7,
        type: 3}
      propertyPath: m_AnchorMax.x
      value: 1
      objectReference: {fileID: 0}
    - target: {fileID: 4719561387639931892, guid: d558a76ed2ef7e840bb05c958625cba7,
        type: 3}
      propertyPath: m_AnchorMax.y
      value: 0
      objectReference: {fileID: 0}
    - target: {fileID: 4719561387639931892, guid: d558a76ed2ef7e840bb05c958625cba7,
        type: 3}
      propertyPath: m_Pivot.x
      value: 1
      objectReference: {fileID: 0}
    - target: {fileID: 4719561387639931892, guid: d558a76ed2ef7e840bb05c958625cba7,
        type: 3}
      propertyPath: m_Pivot.y
      value: 0
      objectReference: {fileID: 0}
    - target: {fileID: 4719561387639931892, guid: d558a76ed2ef7e840bb05c958625cba7,
        type: 3}
      propertyPath: m_LocalScale.x
      value: 1
      objectReference: {fileID: 0}
    - target: {fileID: 4719561387639931892, guid: d558a76ed2ef7e840bb05c958625cba7,
        type: 3}
      propertyPath: m_LocalScale.y
      value: 1
      objectReference: {fileID: 0}
    - target: {fileID: 4719561387639931892, guid: d558a76ed2ef7e840bb05c958625cba7,
        type: 3}
      propertyPath: m_LocalScale.z
      value: 1
      objectReference: {fileID: 0}
    - target: {fileID: 5283367523653038921, guid: d558a76ed2ef7e840bb05c958625cba7,
        type: 3}
      propertyPath: m_Text
      value: MEJORAR
      objectReference: {fileID: 0}
    - target: {fileID: 5493348626128221729, guid: d558a76ed2ef7e840bb05c958625cba7,
        type: 3}
      propertyPath: m_Name
      value: TextButton
      objectReference: {fileID: 0}
    - target: {fileID: 6088352344597188276, guid: d558a76ed2ef7e840bb05c958625cba7,
        type: 3}
      propertyPath: isHoldable
      value: 1
      objectReference: {fileID: 0}
    - target: {fileID: 6088352344597188276, guid: d558a76ed2ef7e840bb05c958625cba7,
        type: 3}
      propertyPath: hasWarnings
      value: 1
      objectReference: {fileID: 0}
    - target: {fileID: 7652818424640357429, guid: d558a76ed2ef7e840bb05c958625cba7,
        type: 3}
      propertyPath: m_PixelsPerUnitMultiplier
      value: 5
      objectReference: {fileID: 0}
    m_RemovedComponents: []
  m_SourcePrefab: {fileID: 100100000, guid: d558a76ed2ef7e840bb05c958625cba7, type: 3}
--- !u!114 &1860276914247139193 stripped
MonoBehaviour:
  m_CorrespondingSourceObject: {fileID: 6088352344597188276, guid: d558a76ed2ef7e840bb05c958625cba7,
    type: 3}
  m_PrefabInstance: {fileID: 5597741019143516621}
  m_PrefabAsset: {fileID: 0}
  m_GameObject: {fileID: 0}
  m_Enabled: 1
  m_EditorHideFlags: 0
  m_Script: {fileID: 11500000, guid: c4039a281b459794d997eb714ddbf5c2, type: 3}
  m_Name: 
  m_EditorClassIdentifier: 
--- !u!224 &923356532811444793 stripped
RectTransform:
  m_CorrespondingSourceObject: {fileID: 4719561387639931892, guid: d558a76ed2ef7e840bb05c958625cba7,
    type: 3}
  m_PrefabInstance: {fileID: 5597741019143516621}
  m_PrefabAsset: {fileID: 0}
--- !u!1001 &6118306754925086885
PrefabInstance:
  m_ObjectHideFlags: 0
  serializedVersion: 2
  m_Modification:
    m_TransformParent: {fileID: 3286644941392011294}
    m_Modifications:
    - target: {fileID: 5023547314556477864, guid: 946f98f3423176e4ab57988ef4017b30,
        type: 3}
      propertyPath: m_Name
      value: CraftItem (2)
      objectReference: {fileID: 0}
    - target: {fileID: 5023547314556477866, guid: 946f98f3423176e4ab57988ef4017b30,
        type: 3}
      propertyPath: m_RaycastTarget
      value: 0
      objectReference: {fileID: 0}
    - target: {fileID: 5023547314556477867, guid: 946f98f3423176e4ab57988ef4017b30,
        type: 3}
      propertyPath: m_LocalPosition.x
      value: 0
      objectReference: {fileID: 0}
    - target: {fileID: 5023547314556477867, guid: 946f98f3423176e4ab57988ef4017b30,
        type: 3}
      propertyPath: m_LocalPosition.y
      value: 0
      objectReference: {fileID: 0}
    - target: {fileID: 5023547314556477867, guid: 946f98f3423176e4ab57988ef4017b30,
        type: 3}
      propertyPath: m_LocalPosition.z
      value: 0
      objectReference: {fileID: 0}
    - target: {fileID: 5023547314556477867, guid: 946f98f3423176e4ab57988ef4017b30,
        type: 3}
      propertyPath: m_LocalRotation.x
      value: 0
      objectReference: {fileID: 0}
    - target: {fileID: 5023547314556477867, guid: 946f98f3423176e4ab57988ef4017b30,
        type: 3}
      propertyPath: m_LocalRotation.y
      value: 0
      objectReference: {fileID: 0}
    - target: {fileID: 5023547314556477867, guid: 946f98f3423176e4ab57988ef4017b30,
        type: 3}
      propertyPath: m_LocalRotation.z
      value: 0
      objectReference: {fileID: 0}
    - target: {fileID: 5023547314556477867, guid: 946f98f3423176e4ab57988ef4017b30,
        type: 3}
      propertyPath: m_LocalRotation.w
      value: 1
      objectReference: {fileID: 0}
    - target: {fileID: 5023547314556477867, guid: 946f98f3423176e4ab57988ef4017b30,
        type: 3}
      propertyPath: m_RootOrder
      value: 2
      objectReference: {fileID: 0}
    - target: {fileID: 5023547314556477867, guid: 946f98f3423176e4ab57988ef4017b30,
        type: 3}
      propertyPath: m_LocalEulerAnglesHint.x
      value: 0
      objectReference: {fileID: 0}
    - target: {fileID: 5023547314556477867, guid: 946f98f3423176e4ab57988ef4017b30,
        type: 3}
      propertyPath: m_LocalEulerAnglesHint.y
      value: 0
      objectReference: {fileID: 0}
    - target: {fileID: 5023547314556477867, guid: 946f98f3423176e4ab57988ef4017b30,
        type: 3}
      propertyPath: m_LocalEulerAnglesHint.z
      value: 0
      objectReference: {fileID: 0}
    - target: {fileID: 5023547314556477867, guid: 946f98f3423176e4ab57988ef4017b30,
        type: 3}
      propertyPath: m_AnchoredPosition.x
      value: 0
      objectReference: {fileID: 0}
    - target: {fileID: 5023547314556477867, guid: 946f98f3423176e4ab57988ef4017b30,
        type: 3}
      propertyPath: m_AnchoredPosition.y
      value: 0
      objectReference: {fileID: 0}
    - target: {fileID: 5023547314556477867, guid: 946f98f3423176e4ab57988ef4017b30,
        type: 3}
      propertyPath: m_SizeDelta.x
      value: 100
      objectReference: {fileID: 0}
    - target: {fileID: 5023547314556477867, guid: 946f98f3423176e4ab57988ef4017b30,
        type: 3}
      propertyPath: m_SizeDelta.y
      value: 100
      objectReference: {fileID: 0}
    - target: {fileID: 5023547314556477867, guid: 946f98f3423176e4ab57988ef4017b30,
        type: 3}
      propertyPath: m_AnchorMin.x
      value: 0
      objectReference: {fileID: 0}
    - target: {fileID: 5023547314556477867, guid: 946f98f3423176e4ab57988ef4017b30,
        type: 3}
      propertyPath: m_AnchorMin.y
      value: 0
      objectReference: {fileID: 0}
    - target: {fileID: 5023547314556477867, guid: 946f98f3423176e4ab57988ef4017b30,
        type: 3}
      propertyPath: m_AnchorMax.x
      value: 0
      objectReference: {fileID: 0}
    - target: {fileID: 5023547314556477867, guid: 946f98f3423176e4ab57988ef4017b30,
        type: 3}
      propertyPath: m_AnchorMax.y
      value: 0
      objectReference: {fileID: 0}
    - target: {fileID: 5023547314556477867, guid: 946f98f3423176e4ab57988ef4017b30,
        type: 3}
      propertyPath: m_Pivot.x
      value: 0.5
      objectReference: {fileID: 0}
    - target: {fileID: 5023547314556477867, guid: 946f98f3423176e4ab57988ef4017b30,
        type: 3}
      propertyPath: m_Pivot.y
      value: 0.5
      objectReference: {fileID: 0}
    - target: {fileID: 5023547314556477867, guid: 946f98f3423176e4ab57988ef4017b30,
        type: 3}
      propertyPath: m_LocalScale.x
      value: 1
      objectReference: {fileID: 0}
    - target: {fileID: 5023547314556477867, guid: 946f98f3423176e4ab57988ef4017b30,
        type: 3}
      propertyPath: m_LocalScale.y
      value: 1
      objectReference: {fileID: 0}
    - target: {fileID: 5023547314556477867, guid: 946f98f3423176e4ab57988ef4017b30,
        type: 3}
      propertyPath: m_LocalScale.z
      value: 1
      objectReference: {fileID: 0}
    - target: {fileID: 5023547315610444393, guid: 946f98f3423176e4ab57988ef4017b30,
        type: 3}
      propertyPath: m_RaycastTarget
      value: 0
      objectReference: {fileID: 0}
    - target: {fileID: 9187834649320829801, guid: 946f98f3423176e4ab57988ef4017b30,
        type: 3}
      propertyPath: m_RaycastTarget
      value: 0
      objectReference: {fileID: 0}
    m_RemovedComponents: []
  m_SourcePrefab: {fileID: 100100000, guid: 946f98f3423176e4ab57988ef4017b30, type: 3}
--- !u!224 &1251910783394081038 stripped
RectTransform:
  m_CorrespondingSourceObject: {fileID: 5023547314556477867, guid: 946f98f3423176e4ab57988ef4017b30,
    type: 3}
  m_PrefabInstance: {fileID: 6118306754925086885}
  m_PrefabAsset: {fileID: 0}
--- !u!1001 &7414865033781931890
PrefabInstance:
  m_ObjectHideFlags: 0
  serializedVersion: 2
  m_Modification:
    m_TransformParent: {fileID: 3286644941392011294}
    m_Modifications:
    - target: {fileID: 5023547314556477864, guid: 946f98f3423176e4ab57988ef4017b30,
        type: 3}
      propertyPath: m_Name
      value: CraftItem (1)
      objectReference: {fileID: 0}
    - target: {fileID: 5023547314556477866, guid: 946f98f3423176e4ab57988ef4017b30,
        type: 3}
      propertyPath: m_RaycastTarget
      value: 0
      objectReference: {fileID: 0}
    - target: {fileID: 5023547314556477867, guid: 946f98f3423176e4ab57988ef4017b30,
        type: 3}
      propertyPath: m_LocalPosition.x
      value: 0
      objectReference: {fileID: 0}
    - target: {fileID: 5023547314556477867, guid: 946f98f3423176e4ab57988ef4017b30,
        type: 3}
      propertyPath: m_LocalPosition.y
      value: 0
      objectReference: {fileID: 0}
    - target: {fileID: 5023547314556477867, guid: 946f98f3423176e4ab57988ef4017b30,
        type: 3}
      propertyPath: m_LocalPosition.z
      value: 0
      objectReference: {fileID: 0}
    - target: {fileID: 5023547314556477867, guid: 946f98f3423176e4ab57988ef4017b30,
        type: 3}
      propertyPath: m_LocalRotation.x
      value: 0
      objectReference: {fileID: 0}
    - target: {fileID: 5023547314556477867, guid: 946f98f3423176e4ab57988ef4017b30,
        type: 3}
      propertyPath: m_LocalRotation.y
      value: 0
      objectReference: {fileID: 0}
    - target: {fileID: 5023547314556477867, guid: 946f98f3423176e4ab57988ef4017b30,
        type: 3}
      propertyPath: m_LocalRotation.z
      value: 0
      objectReference: {fileID: 0}
    - target: {fileID: 5023547314556477867, guid: 946f98f3423176e4ab57988ef4017b30,
        type: 3}
      propertyPath: m_LocalRotation.w
      value: 1
      objectReference: {fileID: 0}
    - target: {fileID: 5023547314556477867, guid: 946f98f3423176e4ab57988ef4017b30,
        type: 3}
      propertyPath: m_RootOrder
      value: 1
      objectReference: {fileID: 0}
    - target: {fileID: 5023547314556477867, guid: 946f98f3423176e4ab57988ef4017b30,
        type: 3}
      propertyPath: m_LocalEulerAnglesHint.x
      value: 0
      objectReference: {fileID: 0}
    - target: {fileID: 5023547314556477867, guid: 946f98f3423176e4ab57988ef4017b30,
        type: 3}
      propertyPath: m_LocalEulerAnglesHint.y
      value: 0
      objectReference: {fileID: 0}
    - target: {fileID: 5023547314556477867, guid: 946f98f3423176e4ab57988ef4017b30,
        type: 3}
      propertyPath: m_LocalEulerAnglesHint.z
      value: 0
      objectReference: {fileID: 0}
    - target: {fileID: 5023547314556477867, guid: 946f98f3423176e4ab57988ef4017b30,
        type: 3}
      propertyPath: m_AnchoredPosition.x
      value: 0
      objectReference: {fileID: 0}
    - target: {fileID: 5023547314556477867, guid: 946f98f3423176e4ab57988ef4017b30,
        type: 3}
      propertyPath: m_AnchoredPosition.y
      value: 0
      objectReference: {fileID: 0}
    - target: {fileID: 5023547314556477867, guid: 946f98f3423176e4ab57988ef4017b30,
        type: 3}
      propertyPath: m_SizeDelta.x
      value: 100
      objectReference: {fileID: 0}
    - target: {fileID: 5023547314556477867, guid: 946f98f3423176e4ab57988ef4017b30,
        type: 3}
      propertyPath: m_SizeDelta.y
      value: 100
      objectReference: {fileID: 0}
    - target: {fileID: 5023547314556477867, guid: 946f98f3423176e4ab57988ef4017b30,
        type: 3}
      propertyPath: m_AnchorMin.x
      value: 0
      objectReference: {fileID: 0}
    - target: {fileID: 5023547314556477867, guid: 946f98f3423176e4ab57988ef4017b30,
        type: 3}
      propertyPath: m_AnchorMin.y
      value: 0
      objectReference: {fileID: 0}
    - target: {fileID: 5023547314556477867, guid: 946f98f3423176e4ab57988ef4017b30,
        type: 3}
      propertyPath: m_AnchorMax.x
      value: 0
      objectReference: {fileID: 0}
    - target: {fileID: 5023547314556477867, guid: 946f98f3423176e4ab57988ef4017b30,
        type: 3}
      propertyPath: m_AnchorMax.y
      value: 0
      objectReference: {fileID: 0}
    - target: {fileID: 5023547314556477867, guid: 946f98f3423176e4ab57988ef4017b30,
        type: 3}
      propertyPath: m_Pivot.x
      value: 0.5
      objectReference: {fileID: 0}
    - target: {fileID: 5023547314556477867, guid: 946f98f3423176e4ab57988ef4017b30,
        type: 3}
      propertyPath: m_Pivot.y
      value: 0.5
      objectReference: {fileID: 0}
    - target: {fileID: 5023547315610444393, guid: 946f98f3423176e4ab57988ef4017b30,
        type: 3}
      propertyPath: m_RaycastTarget
      value: 0
      objectReference: {fileID: 0}
    - target: {fileID: 9187834649320829801, guid: 946f98f3423176e4ab57988ef4017b30,
        type: 3}
      propertyPath: m_RaycastTarget
      value: 0
      objectReference: {fileID: 0}
    m_RemovedComponents: []
  m_SourcePrefab: {fileID: 100100000, guid: 946f98f3423176e4ab57988ef4017b30, type: 3}
--- !u!224 &2545059204633775833 stripped
RectTransform:
  m_CorrespondingSourceObject: {fileID: 5023547314556477867, guid: 946f98f3423176e4ab57988ef4017b30,
    type: 3}
  m_PrefabInstance: {fileID: 7414865033781931890}
  m_PrefabAsset: {fileID: 0}
--- !u!1001 &7887571036960784953
PrefabInstance:
  m_ObjectHideFlags: 0
  serializedVersion: 2
  m_Modification:
    m_TransformParent: {fileID: 3286644941392011294}
    m_Modifications:
    - target: {fileID: 5023547314556477864, guid: 946f98f3423176e4ab57988ef4017b30,
        type: 3}
      propertyPath: m_Name
      value: CraftItem
      objectReference: {fileID: 0}
    - target: {fileID: 5023547314556477866, guid: 946f98f3423176e4ab57988ef4017b30,
        type: 3}
      propertyPath: m_RaycastTarget
      value: 0
      objectReference: {fileID: 0}
    - target: {fileID: 5023547314556477867, guid: 946f98f3423176e4ab57988ef4017b30,
        type: 3}
      propertyPath: m_LocalPosition.x
      value: 0
      objectReference: {fileID: 0}
    - target: {fileID: 5023547314556477867, guid: 946f98f3423176e4ab57988ef4017b30,
        type: 3}
      propertyPath: m_LocalPosition.y
      value: 0
      objectReference: {fileID: 0}
    - target: {fileID: 5023547314556477867, guid: 946f98f3423176e4ab57988ef4017b30,
        type: 3}
      propertyPath: m_LocalPosition.z
      value: 0
      objectReference: {fileID: 0}
    - target: {fileID: 5023547314556477867, guid: 946f98f3423176e4ab57988ef4017b30,
        type: 3}
      propertyPath: m_LocalRotation.x
      value: 0
      objectReference: {fileID: 0}
    - target: {fileID: 5023547314556477867, guid: 946f98f3423176e4ab57988ef4017b30,
        type: 3}
      propertyPath: m_LocalRotation.y
      value: 0
      objectReference: {fileID: 0}
    - target: {fileID: 5023547314556477867, guid: 946f98f3423176e4ab57988ef4017b30,
        type: 3}
      propertyPath: m_LocalRotation.z
      value: 0
      objectReference: {fileID: 0}
    - target: {fileID: 5023547314556477867, guid: 946f98f3423176e4ab57988ef4017b30,
        type: 3}
      propertyPath: m_LocalRotation.w
      value: 1
      objectReference: {fileID: 0}
    - target: {fileID: 5023547314556477867, guid: 946f98f3423176e4ab57988ef4017b30,
        type: 3}
      propertyPath: m_RootOrder
      value: 0
      objectReference: {fileID: 0}
    - target: {fileID: 5023547314556477867, guid: 946f98f3423176e4ab57988ef4017b30,
        type: 3}
      propertyPath: m_LocalEulerAnglesHint.x
      value: 0
      objectReference: {fileID: 0}
    - target: {fileID: 5023547314556477867, guid: 946f98f3423176e4ab57988ef4017b30,
        type: 3}
      propertyPath: m_LocalEulerAnglesHint.y
      value: 0
      objectReference: {fileID: 0}
    - target: {fileID: 5023547314556477867, guid: 946f98f3423176e4ab57988ef4017b30,
        type: 3}
      propertyPath: m_LocalEulerAnglesHint.z
      value: 0
      objectReference: {fileID: 0}
    - target: {fileID: 5023547314556477867, guid: 946f98f3423176e4ab57988ef4017b30,
        type: 3}
      propertyPath: m_AnchoredPosition.x
      value: 0
      objectReference: {fileID: 0}
    - target: {fileID: 5023547314556477867, guid: 946f98f3423176e4ab57988ef4017b30,
        type: 3}
      propertyPath: m_AnchoredPosition.y
      value: 0
      objectReference: {fileID: 0}
    - target: {fileID: 5023547314556477867, guid: 946f98f3423176e4ab57988ef4017b30,
        type: 3}
      propertyPath: m_SizeDelta.x
      value: 100
      objectReference: {fileID: 0}
    - target: {fileID: 5023547314556477867, guid: 946f98f3423176e4ab57988ef4017b30,
        type: 3}
      propertyPath: m_SizeDelta.y
      value: 100
      objectReference: {fileID: 0}
    - target: {fileID: 5023547314556477867, guid: 946f98f3423176e4ab57988ef4017b30,
        type: 3}
      propertyPath: m_AnchorMin.x
      value: 0
      objectReference: {fileID: 0}
    - target: {fileID: 5023547314556477867, guid: 946f98f3423176e4ab57988ef4017b30,
        type: 3}
      propertyPath: m_AnchorMin.y
      value: 0
      objectReference: {fileID: 0}
    - target: {fileID: 5023547314556477867, guid: 946f98f3423176e4ab57988ef4017b30,
        type: 3}
      propertyPath: m_AnchorMax.x
      value: 0
      objectReference: {fileID: 0}
    - target: {fileID: 5023547314556477867, guid: 946f98f3423176e4ab57988ef4017b30,
        type: 3}
      propertyPath: m_AnchorMax.y
      value: 0
      objectReference: {fileID: 0}
    - target: {fileID: 5023547314556477867, guid: 946f98f3423176e4ab57988ef4017b30,
        type: 3}
      propertyPath: m_Pivot.x
      value: 0.5
      objectReference: {fileID: 0}
    - target: {fileID: 5023547314556477867, guid: 946f98f3423176e4ab57988ef4017b30,
        type: 3}
      propertyPath: m_Pivot.y
      value: 0.5
      objectReference: {fileID: 0}
    - target: {fileID: 5023547315610444393, guid: 946f98f3423176e4ab57988ef4017b30,
        type: 3}
      propertyPath: m_RaycastTarget
      value: 0
      objectReference: {fileID: 0}
    - target: {fileID: 9187834649320829801, guid: 946f98f3423176e4ab57988ef4017b30,
        type: 3}
      propertyPath: m_RaycastTarget
      value: 0
      objectReference: {fileID: 0}
    m_RemovedComponents: []
  m_SourcePrefab: {fileID: 100100000, guid: 946f98f3423176e4ab57988ef4017b30, type: 3}
--- !u!224 &2936753483387544466 stripped
RectTransform:
  m_CorrespondingSourceObject: {fileID: 5023547314556477867, guid: 946f98f3423176e4ab57988ef4017b30,
    type: 3}
  m_PrefabInstance: {fileID: 7887571036960784953}
  m_PrefabAsset: {fileID: 0}
