%YAML 1.1
%TAG !u! tag:unity3d.com,2011:
--- !u!1 &137174660202407024
GameObject:
  m_ObjectHideFlags: 0
  m_CorrespondingSourceObject: {fileID: 0}
  m_PrefabInstance: {fileID: 0}
  m_PrefabAsset: {fileID: 0}
  serializedVersion: 6
  m_Component:
  - component: {fileID: 8127150675769990180}
  m_Layer: 8
  m_Name: FunkyJunkSocket
  m_TagString: Untagged
  m_Icon: {fileID: 0}
  m_NavMeshLayer: 0
  m_StaticEditorFlags: 8
  m_IsActive: 1
--- !u!4 &8127150675769990180
Transform:
  m_ObjectHideFlags: 0
  m_CorrespondingSourceObject: {fileID: 0}
  m_PrefabInstance: {fileID: 0}
  m_PrefabAsset: {fileID: 0}
  m_GameObject: {fileID: 137174660202407024}
  m_LocalRotation: {x: -0, y: -0, z: -0, w: 1}
  m_LocalPosition: {x: -0.368, y: 0.81, z: -0.073}
  m_LocalScale: {x: 1, y: 1, z: 1}
  m_Children: []
  m_Father: {fileID: 957265212179829452}
  m_RootOrder: 0
  m_LocalEulerAnglesHint: {x: 0, y: 0, z: 0}
--- !u!1 &957265212180188972
GameObject:
  m_ObjectHideFlags: 0
  m_CorrespondingSourceObject: {fileID: 0}
  m_PrefabInstance: {fileID: 0}
  m_PrefabAsset: {fileID: 0}
  serializedVersion: 6
  m_Component:
  - component: {fileID: 957265212179829452}
  - component: {fileID: 957265212181123792}
  - component: {fileID: 957265212182122640}
  m_Layer: 8
  m_Name: Playground02
  m_TagString: Untagged
  m_Icon: {fileID: 0}
  m_NavMeshLayer: 0
  m_StaticEditorFlags: 8
  m_IsActive: 1
--- !u!4 &957265212179829452
Transform:
  m_ObjectHideFlags: 0
  m_CorrespondingSourceObject: {fileID: 0}
  m_PrefabInstance: {fileID: 0}
  m_PrefabAsset: {fileID: 0}
  m_GameObject: {fileID: 957265212180188972}
  m_LocalRotation: {x: 0, y: 0, z: 0, w: 1}
  m_LocalPosition: {x: -10.79, y: 0.17, z: 4.1899996}
  m_LocalScale: {x: 1.05, y: 1.05, z: 1.05}
  m_Children:
  - {fileID: 8127150675769990180}
  - {fileID: 7181670070794188370}
  - {fileID: 8321133337216118104}
  - {fileID: 381212223571890898}
  - {fileID: 8543899795168793247}
  m_Father: {fileID: 0}
  m_RootOrder: 0
  m_LocalEulerAnglesHint: {x: 0, y: 0, z: 0}
--- !u!33 &957265212181123792
MeshFilter:
  m_ObjectHideFlags: 0
  m_CorrespondingSourceObject: {fileID: 0}
  m_PrefabInstance: {fileID: 0}
  m_PrefabAsset: {fileID: 0}
  m_GameObject: {fileID: 957265212180188972}
  m_Mesh: {fileID: 4300002, guid: 9bf153be5090e754f91ef5b88a0f372e, type: 3}
--- !u!23 &957265212182122640
MeshRenderer:
  m_ObjectHideFlags: 0
  m_CorrespondingSourceObject: {fileID: 0}
  m_PrefabInstance: {fileID: 0}
  m_PrefabAsset: {fileID: 0}
  m_GameObject: {fileID: 957265212180188972}
  m_Enabled: 1
  m_CastShadows: 1
  m_ReceiveShadows: 1
  m_DynamicOccludee: 1
  m_MotionVectors: 1
  m_LightProbeUsage: 1
  m_ReflectionProbeUsage: 1
  m_RayTracingMode: 2
  m_RenderingLayerMask: 1
  m_RendererPriority: 0
  m_Materials:
  - {fileID: 2100000, guid: 808cf4fad221774448f5d23b9f4ad9f3, type: 2}
  m_StaticBatchInfo:
    firstSubMesh: 0
    subMeshCount: 0
  m_StaticBatchRoot: {fileID: 0}
  m_ProbeAnchor: {fileID: 0}
  m_LightProbeVolumeOverride: {fileID: 0}
  m_ScaleInLightmap: 1
  m_ReceiveGI: 1
  m_PreserveUVs: 0
  m_IgnoreNormalsForChartDetection: 0
  m_ImportantGI: 0
  m_StitchLightmapSeams: 0
  m_SelectedEditorRenderState: 3
  m_MinimumChartSize: 4
  m_AutoUVMaxDistance: 0.5
  m_AutoUVMaxAngle: 89
  m_LightmapParameters: {fileID: 0}
  m_SortingLayerID: 0
  m_SortingLayer: 0
  m_SortingOrder: 0
--- !u!1 &2536790174752414231
GameObject:
  m_ObjectHideFlags: 0
  m_CorrespondingSourceObject: {fileID: 0}
  m_PrefabInstance: {fileID: 0}
  m_PrefabAsset: {fileID: 0}
  serializedVersion: 6
  m_Component:
  - component: {fileID: 1502470721532617031}
  - component: {fileID: 3043602697493363445}
  m_Layer: 8
  m_Name: obs1
  m_TagString: Untagged
  m_Icon: {fileID: 0}
  m_NavMeshLayer: 0
  m_StaticEditorFlags: 8
  m_IsActive: 1
--- !u!4 &1502470721532617031
Transform:
  m_ObjectHideFlags: 0
  m_CorrespondingSourceObject: {fileID: 0}
  m_PrefabInstance: {fileID: 0}
  m_PrefabAsset: {fileID: 0}
  m_GameObject: {fileID: 2536790174752414231}
  m_LocalRotation: {x: -0, y: -0, z: -0, w: 1}
  m_LocalPosition: {x: -0.03, y: 0.58, z: 0.578}
  m_LocalScale: {x: 1.7498801, y: 1, z: -0.6235647}
  m_Children: []
  m_Father: {fileID: 8321133337216118104}
  m_RootOrder: 0
  m_LocalEulerAnglesHint: {x: 0, y: 0, z: 0}
--- !u!208 &3043602697493363445
NavMeshObstacle:
  m_ObjectHideFlags: 0
  m_CorrespondingSourceObject: {fileID: 0}
  m_PrefabInstance: {fileID: 0}
  m_PrefabAsset: {fileID: 0}
  m_GameObject: {fileID: 2536790174752414231}
  m_Enabled: 1
  serializedVersion: 3
  m_Shape: 1
  m_Extents: {x: 0.5, y: 0.5, z: 0.5}
  m_MoveThreshold: 0.1
  m_Carve: 1
  m_CarveOnlyStationary: 1
  m_Center: {x: 0, y: 0, z: 0}
  m_TimeToStationary: 0.5
--- !u!1 &2996582255744363906
GameObject:
  m_ObjectHideFlags: 0
  m_CorrespondingSourceObject: {fileID: 0}
  m_PrefabInstance: {fileID: 0}
  m_PrefabAsset: {fileID: 0}
  serializedVersion: 6
  m_Component:
  - component: {fileID: 2884076723185985526}
  - component: {fileID: 5194850568703244332}
  m_Layer: 8
  m_Name: obs1 (1)
  m_TagString: Untagged
  m_Icon: {fileID: 0}
  m_NavMeshLayer: 0
  m_StaticEditorFlags: 8
  m_IsActive: 1
--- !u!4 &2884076723185985526
Transform:
  m_ObjectHideFlags: 0
  m_CorrespondingSourceObject: {fileID: 0}
  m_PrefabInstance: {fileID: 0}
  m_PrefabAsset: {fileID: 0}
  m_GameObject: {fileID: 2996582255744363906}
  m_LocalRotation: {x: -0, y: -0, z: -0, w: 1}
  m_LocalPosition: {x: -0.045, y: 0.543, z: -0.594}
  m_LocalScale: {x: 1.8016238, y: 1, z: -0.57070374}
  m_Children: []
  m_Father: {fileID: 8321133337216118104}
  m_RootOrder: 2
  m_LocalEulerAnglesHint: {x: 0, y: 0, z: 0}
--- !u!208 &5194850568703244332
NavMeshObstacle:
  m_ObjectHideFlags: 0
  m_CorrespondingSourceObject: {fileID: 0}
  m_PrefabInstance: {fileID: 0}
  m_PrefabAsset: {fileID: 0}
  m_GameObject: {fileID: 2996582255744363906}
  m_Enabled: 1
  serializedVersion: 3
  m_Shape: 1
  m_Extents: {x: 0.5, y: 0.5, z: 0.5}
  m_MoveThreshold: 0.1
  m_Carve: 1
  m_CarveOnlyStationary: 1
  m_Center: {x: 0, y: 0, z: 0}
  m_TimeToStationary: 0.5
--- !u!1 &5749330897313366810
GameObject:
  m_ObjectHideFlags: 0
  m_CorrespondingSourceObject: {fileID: 0}
  m_PrefabInstance: {fileID: 0}
  m_PrefabAsset: {fileID: 0}
  serializedVersion: 6
  m_Component:
  - component: {fileID: 2635136262696673421}
  - component: {fileID: 3084246905072236072}
  m_Layer: 8
  m_Name: obs2
  m_TagString: Untagged
  m_Icon: {fileID: 0}
  m_NavMeshLayer: 0
  m_StaticEditorFlags: 8
  m_IsActive: 1
--- !u!4 &2635136262696673421
Transform:
  m_ObjectHideFlags: 0
  m_CorrespondingSourceObject: {fileID: 0}
  m_PrefabInstance: {fileID: 0}
  m_PrefabAsset: {fileID: 0}
  m_GameObject: {fileID: 5749330897313366810}
  m_LocalRotation: {x: -0, y: -0, z: -0, w: 1}
  m_LocalPosition: {x: 0.686, y: 0.543, z: -0.011}
  m_LocalScale: {x: 0.288552, y: 1, z: -1.8165114}
  m_Children: []
  m_Father: {fileID: 8321133337216118104}
  m_RootOrder: 1
  m_LocalEulerAnglesHint: {x: 0, y: 0, z: 0}
--- !u!208 &3084246905072236072
NavMeshObstacle:
  m_ObjectHideFlags: 0
  m_CorrespondingSourceObject: {fileID: 0}
  m_PrefabInstance: {fileID: 0}
  m_PrefabAsset: {fileID: 0}
  m_GameObject: {fileID: 5749330897313366810}
  m_Enabled: 1
  serializedVersion: 3
  m_Shape: 1
  m_Extents: {x: 0.5, y: 0.5, z: 0.5}
  m_MoveThreshold: 0.1
  m_Carve: 1
  m_CarveOnlyStationary: 1
  m_Center: {x: 0, y: 0, z: 0}
  m_TimeToStationary: 0.5
--- !u!1 &5892095248536430174
GameObject:
  m_ObjectHideFlags: 0
  m_CorrespondingSourceObject: {fileID: 0}
  m_PrefabInstance: {fileID: 0}
  m_PrefabAsset: {fileID: 0}
  serializedVersion: 6
  m_Component:
  - component: {fileID: 8321133337216118104}
  m_Layer: 8
  m_Name: Obstacles
  m_TagString: Untagged
  m_Icon: {fileID: 0}
  m_NavMeshLayer: 0
  m_StaticEditorFlags: 8
  m_IsActive: 1
--- !u!4 &8321133337216118104
Transform:
  m_ObjectHideFlags: 0
  m_CorrespondingSourceObject: {fileID: 0}
  m_PrefabInstance: {fileID: 0}
  m_PrefabAsset: {fileID: 0}
  m_GameObject: {fileID: 5892095248536430174}
  m_LocalRotation: {x: -0, y: -0, z: -0, w: 1}
  m_LocalPosition: {x: 0.04, y: -0.21904753, z: -0}
  m_LocalScale: {x: 0.95238096, y: 0.95238096, z: 0.95238096}
  m_Children:
  - {fileID: 1502470721532617031}
  - {fileID: 2635136262696673421}
  - {fileID: 2884076723185985526}
  m_Father: {fileID: 957265212179829452}
  m_RootOrder: 2
  m_LocalEulerAnglesHint: {x: 0, y: 0, z: 0}
--- !u!1 &7243294423382294829
GameObject:
  m_ObjectHideFlags: 0
  m_CorrespondingSourceObject: {fileID: 0}
  m_PrefabInstance: {fileID: 0}
  m_PrefabAsset: {fileID: 0}
  serializedVersion: 6
  m_Component:
  - component: {fileID: 8543899795168793247}
  - component: {fileID: 5878783981158440340}
  m_Layer: 8
  m_Name: PlaygroundCollider
  m_TagString: Untagged
  m_Icon: {fileID: 0}
  m_NavMeshLayer: 0
  m_StaticEditorFlags: 0
  m_IsActive: 1
--- !u!4 &8543899795168793247
Transform:
  m_ObjectHideFlags: 0
  m_CorrespondingSourceObject: {fileID: 0}
  m_PrefabInstance: {fileID: 0}
  m_PrefabAsset: {fileID: 0}
  m_GameObject: {fileID: 7243294423382294829}
  m_LocalRotation: {x: -0, y: -0, z: -0, w: 1}
  m_LocalPosition: {x: 0, y: 0.574, z: 0}
  m_LocalScale: {x: 1.57355, y: 0.94636, z: 1.57329}
  m_Children: []
  m_Father: {fileID: 957265212179829452}
  m_RootOrder: 4
  m_LocalEulerAnglesHint: {x: 0, y: 0, z: 0}
--- !u!65 &5878783981158440340
BoxCollider:
  m_ObjectHideFlags: 0
  m_CorrespondingSourceObject: {fileID: 0}
  m_PrefabInstance: {fileID: 0}
  m_PrefabAsset: {fileID: 0}
  m_GameObject: {fileID: 7243294423382294829}
  m_Material: {fileID: 0}
  m_IsTrigger: 0
  m_Enabled: 1
  serializedVersion: 2
  m_Size: {x: 1, y: 1, z: 1}
  m_Center: {x: 0, y: 0, z: 0}
--- !u!1001 &898975315362769650
PrefabInstance:
  m_ObjectHideFlags: 0
  serializedVersion: 2
  m_Modification:
    m_TransformParent: {fileID: 957265212179829452}
    m_Modifications:
    - target: {fileID: 663044227122395168, guid: 5ff2e3589e95c2649a416281fb8cb96b,
        type: 3}
      propertyPath: m_LocalPosition.x
      value: 0
      objectReference: {fileID: 0}
    - target: {fileID: 663044227122395168, guid: 5ff2e3589e95c2649a416281fb8cb96b,
        type: 3}
      propertyPath: m_LocalPosition.y
      value: 0
      objectReference: {fileID: 0}
    - target: {fileID: 663044227122395168, guid: 5ff2e3589e95c2649a416281fb8cb96b,
        type: 3}
      propertyPath: m_LocalPosition.z
      value: 0
      objectReference: {fileID: 0}
    - target: {fileID: 663044227122395168, guid: 5ff2e3589e95c2649a416281fb8cb96b,
        type: 3}
      propertyPath: m_LocalRotation.x
      value: 0
      objectReference: {fileID: 0}
    - target: {fileID: 663044227122395168, guid: 5ff2e3589e95c2649a416281fb8cb96b,
        type: 3}
      propertyPath: m_LocalRotation.y
      value: 0
      objectReference: {fileID: 0}
    - target: {fileID: 663044227122395168, guid: 5ff2e3589e95c2649a416281fb8cb96b,
        type: 3}
      propertyPath: m_LocalRotation.z
      value: 0
      objectReference: {fileID: 0}
    - target: {fileID: 663044227122395168, guid: 5ff2e3589e95c2649a416281fb8cb96b,
        type: 3}
      propertyPath: m_LocalRotation.w
      value: 1
      objectReference: {fileID: 0}
    - target: {fileID: 663044227122395168, guid: 5ff2e3589e95c2649a416281fb8cb96b,
        type: 3}
      propertyPath: m_RootOrder
      value: 3
      objectReference: {fileID: 0}
    - target: {fileID: 663044227122395168, guid: 5ff2e3589e95c2649a416281fb8cb96b,
        type: 3}
      propertyPath: m_LocalEulerAnglesHint.x
      value: 0
      objectReference: {fileID: 0}
    - target: {fileID: 663044227122395168, guid: 5ff2e3589e95c2649a416281fb8cb96b,
        type: 3}
      propertyPath: m_LocalEulerAnglesHint.y
      value: 0
      objectReference: {fileID: 0}
    - target: {fileID: 663044227122395168, guid: 5ff2e3589e95c2649a416281fb8cb96b,
        type: 3}
      propertyPath: m_LocalEulerAnglesHint.z
      value: 0
      objectReference: {fileID: 0}
    - target: {fileID: 663044227122816000, guid: 5ff2e3589e95c2649a416281fb8cb96b,
        type: 3}
      propertyPath: m_Name
      value: Tile
      objectReference: {fileID: 0}
    - target: {fileID: 663044227122816000, guid: 5ff2e3589e95c2649a416281fb8cb96b,
        type: 3}
      propertyPath: m_StaticEditorFlags
      value: 8
      objectReference: {fileID: 0}
    m_RemovedComponents: []
  m_SourcePrefab: {fileID: 100100000, guid: 5ff2e3589e95c2649a416281fb8cb96b, type: 3}
--- !u!4 &381212223571890898 stripped
Transform:
  m_CorrespondingSourceObject: {fileID: 663044227122395168, guid: 5ff2e3589e95c2649a416281fb8cb96b,
    type: 3}
  m_PrefabInstance: {fileID: 898975315362769650}
  m_PrefabAsset: {fileID: 0}
--- !u!1001 &5928977054504384414
PrefabInstance:
  m_ObjectHideFlags: 0
  serializedVersion: 2
  m_Modification:
    m_TransformParent: {fileID: 957265212179829452}
    m_Modifications:
    - target: {fileID: 3154676679472900068, guid: 70047c81e4f07e34f9b791d3f2e1e623,
        type: 3}
      propertyPath: m_SortingOrder
      value: 1
      objectReference: {fileID: 0}
    - target: {fileID: 3154676679472900068, guid: 70047c81e4f07e34f9b791d3f2e1e623,
        type: 3}
      propertyPath: m_Sprite
      value: 
      objectReference: {fileID: 21300032, guid: 0a1e8a46f047bb740b1c666aac904182,
        type: 3}
    - target: {fileID: 3154676679472900068, guid: 70047c81e4f07e34f9b791d3f2e1e623,
        type: 3}
      propertyPath: m_Size.x
      value: 1.79
      objectReference: {fileID: 0}
    - target: {fileID: 3154676679472900068, guid: 70047c81e4f07e34f9b791d3f2e1e623,
        type: 3}
      propertyPath: m_Size.y
      value: 2.02
      objectReference: {fileID: 0}
    - target: {fileID: 3154676679472900068, guid: 70047c81e4f07e34f9b791d3f2e1e623,
        type: 3}
      propertyPath: m_WasSpriteAssigned
      value: 1
      objectReference: {fileID: 0}
    - target: {fileID: 3597707422444093900, guid: 70047c81e4f07e34f9b791d3f2e1e623,
        type: 3}
      propertyPath: m_LocalPosition.x
      value: 0.982
      objectReference: {fileID: 0}
    - target: {fileID: 3597707422444093900, guid: 70047c81e4f07e34f9b791d3f2e1e623,
        type: 3}
      propertyPath: m_LocalPosition.y
      value: 0.013
      objectReference: {fileID: 0}
    - target: {fileID: 3597707422444093900, guid: 70047c81e4f07e34f9b791d3f2e1e623,
        type: 3}
      propertyPath: m_LocalPosition.z
      value: -0.1
      objectReference: {fileID: 0}
    - target: {fileID: 3597707422444093900, guid: 70047c81e4f07e34f9b791d3f2e1e623,
        type: 3}
      propertyPath: m_LocalRotation.x
      value: 0.50000006
      objectReference: {fileID: 0}
    - target: {fileID: 3597707422444093900, guid: 70047c81e4f07e34f9b791d3f2e1e623,
        type: 3}
      propertyPath: m_LocalRotation.y
      value: 0.50000006
      objectReference: {fileID: 0}
    - target: {fileID: 3597707422444093900, guid: 70047c81e4f07e34f9b791d3f2e1e623,
        type: 3}
      propertyPath: m_LocalRotation.z
      value: -0.5
      objectReference: {fileID: 0}
    - target: {fileID: 3597707422444093900, guid: 70047c81e4f07e34f9b791d3f2e1e623,
        type: 3}
      propertyPath: m_LocalRotation.w
      value: 0.5
      objectReference: {fileID: 0}
    - target: {fileID: 3597707422444093900, guid: 70047c81e4f07e34f9b791d3f2e1e623,
        type: 3}
      propertyPath: m_RootOrder
      value: 1
      objectReference: {fileID: 0}
    - target: {fileID: 3597707422444093900, guid: 70047c81e4f07e34f9b791d3f2e1e623,
        type: 3}
      propertyPath: m_LocalEulerAnglesHint.x
      value: 90.00001
      objectReference: {fileID: 0}
    - target: {fileID: 3597707422444093900, guid: 70047c81e4f07e34f9b791d3f2e1e623,
        type: 3}
      propertyPath: m_LocalEulerAnglesHint.y
      value: 0
      objectReference: {fileID: 0}
    - target: {fileID: 3597707422444093900, guid: 70047c81e4f07e34f9b791d3f2e1e623,
        type: 3}
      propertyPath: m_LocalEulerAnglesHint.z
      value: -90
      objectReference: {fileID: 0}
    - target: {fileID: 3597707422444093900, guid: 70047c81e4f07e34f9b791d3f2e1e623,
        type: 3}
      propertyPath: m_LocalScale.x
      value: 0.42321926
      objectReference: {fileID: 0}
    - target: {fileID: 3597707422444093900, guid: 70047c81e4f07e34f9b791d3f2e1e623,
        type: 3}
      propertyPath: m_LocalScale.y
      value: 0.3770193
      objectReference: {fileID: 0}
    - target: {fileID: 3597707422444093900, guid: 70047c81e4f07e34f9b791d3f2e1e623,
        type: 3}
      propertyPath: m_LocalScale.z
      value: 0.3770193
      objectReference: {fileID: 0}
    - target: {fileID: 4516724136127809818, guid: 70047c81e4f07e34f9b791d3f2e1e623,
        type: 3}
      propertyPath: m_Name
      value: Shadow
      objectReference: {fileID: 0}
    - target: {fileID: 4516724136127809818, guid: 70047c81e4f07e34f9b791d3f2e1e623,
        type: 3}
      propertyPath: m_Layer
      value: 8
      objectReference: {fileID: 0}
    - target: {fileID: 4516724136127809818, guid: 70047c81e4f07e34f9b791d3f2e1e623,
        type: 3}
      propertyPath: m_StaticEditorFlags
      value: 8
      objectReference: {fileID: 0}
    m_RemovedComponents: []
  m_SourcePrefab: {fileID: 100100000, guid: 70047c81e4f07e34f9b791d3f2e1e623, type: 3}
--- !u!4 &7181670070794188370 stripped
Transform:
  m_CorrespondingSourceObject: {fileID: 3597707422444093900, guid: 70047c81e4f07e34f9b791d3f2e1e623,
    type: 3}
  m_PrefabInstance: {fileID: 5928977054504384414}
  m_PrefabAsset: {fileID: 0}
