%YAML 1.1
%TAG !u! tag:unity3d.com,2011:
--- !u!1 &96188362894522094
GameObject:
  m_ObjectHideFlags: 0
  m_CorrespondingSourceObject: {fileID: 0}
  m_PrefabInstance: {fileID: 0}
  m_PrefabAsset: {fileID: 0}
  serializedVersion: 6
  m_Component:
  - component: {fileID: 96188362894522095}
  - component: {fileID: 96188362894522090}
  - component: {fileID: 96188362894522093}
  - component: {fileID: 96188362894522092}
  m_Layer: 5
  m_Name: items
  m_TagString: Untagged
  m_Icon: {fileID: 0}
  m_NavMeshLayer: 0
  m_StaticEditorFlags: 0
  m_IsActive: 1
--- !u!224 &96188362894522095
RectTransform:
  m_ObjectHideFlags: 0
  m_CorrespondingSourceObject: {fileID: 0}
  m_PrefabInstance: {fileID: 0}
  m_PrefabAsset: {fileID: 0}
  m_GameObject: {fileID: 96188362894522094}
  m_LocalRotation: {x: -0, y: -0, z: -0, w: 1}
  m_LocalPosition: {x: 0, y: 0, z: 0}
  m_LocalScale: {x: 1, y: 1, z: 1}
  m_Children: []
  m_Father: {fileID: 7912034477886810906}
  m_RootOrder: 0
  m_LocalEulerAnglesHint: {x: 0, y: 0, z: 0}
  m_AnchorMin: {x: 0.5, y: 1}
  m_AnchorMax: {x: 0.5, y: 1}
  m_AnchoredPosition: {x: 0, y: -116.4}
  m_SizeDelta: {x: 815, y: 852.41614}
  m_Pivot: {x: 0.5, y: 1}
--- !u!222 &96188362894522090
CanvasRenderer:
  m_ObjectHideFlags: 0
  m_CorrespondingSourceObject: {fileID: 0}
  m_PrefabInstance: {fileID: 0}
  m_PrefabAsset: {fileID: 0}
  m_GameObject: {fileID: 96188362894522094}
  m_CullTransparentMesh: 0
--- !u!114 &96188362894522093
MonoBehaviour:
  m_ObjectHideFlags: 0
  m_CorrespondingSourceObject: {fileID: 0}
  m_PrefabInstance: {fileID: 0}
  m_PrefabAsset: {fileID: 0}
  m_GameObject: {fileID: 96188362894522094}
  m_Enabled: 0
  m_EditorHideFlags: 0
  m_Script: {fileID: 11500000, guid: fe87c0e1cc204ed48ad3b37840f39efc, type: 3}
  m_Name: 
  m_EditorClassIdentifier: 
  m_Material: {fileID: 0}
  m_Color: {r: 1, g: 0, b: 0, a: 1}
  m_RaycastTarget: 1
  m_Maskable: 1
  m_OnCullStateChanged:
    m_PersistentCalls:
      m_Calls: []
  m_Sprite: {fileID: 21300000, guid: b91404f019019415c9fe610ad38f386d, type: 3}
  m_Type: 1
  m_PreserveAspect: 0
  m_FillCenter: 1
  m_FillMethod: 4
  m_FillAmount: 1
  m_FillClockwise: 1
  m_FillOrigin: 0
  m_UseSpriteMesh: 0
  m_PixelsPerUnitMultiplier: 1
--- !u!114 &96188362894522092
MonoBehaviour:
  m_ObjectHideFlags: 0
  m_CorrespondingSourceObject: {fileID: 0}
  m_PrefabInstance: {fileID: 0}
  m_PrefabAsset: {fileID: 0}
  m_GameObject: {fileID: 96188362894522094}
  m_Enabled: 1
  m_EditorHideFlags: 0
  m_Script: {fileID: 11500000, guid: 8a8695521f0d02e499659fee002a26c2, type: 3}
  m_Name: 
  m_EditorClassIdentifier: 
  m_Padding:
    m_Left: 0
    m_Right: 0
    m_Top: 0
    m_Bottom: 0
  m_ChildAlignment: 4
  m_StartCorner: 0
  m_StartAxis: 0
  m_CellSize: {x: 252, y: 374.2}
  m_Spacing: {x: 18.3, y: 78.4}
  m_Constraint: 0
  m_ConstraintCount: 2
--- !u!114 &8426459524458048714
MonoBehaviour:
  m_ObjectHideFlags: 0
  m_CorrespondingSourceObject: {fileID: 0}
  m_PrefabInstance: {fileID: 0}
  m_PrefabAsset: {fileID: 0}
  m_GameObject: {fileID: 96188363015710916}
  m_Enabled: 1
  m_EditorHideFlags: 0
  m_Script: {fileID: 11500000, guid: 30649d3a9faa99c48a7b1166b86bf2a0, type: 3}
  m_Name: 
  m_EditorClassIdentifier: 
  m_Padding:
    m_Left: 0
    m_Right: 0
    m_Top: 0
    m_Bottom: 0
  m_ChildAlignment: 4
  m_Spacing: 0
  m_ChildForceExpandWidth: 1
  m_ChildForceExpandHeight: 1
  m_ChildControlWidth: 0
  m_ChildControlHeight: 0
  m_ChildScaleWidth: 0
  m_ChildScaleHeight: 0
--- !u!1 &2441742743625859722
GameObject:
  m_ObjectHideFlags: 0
  m_CorrespondingSourceObject: {fileID: 0}
  m_PrefabInstance: {fileID: 0}
  m_PrefabAsset: {fileID: 0}
  serializedVersion: 6
  m_Component:
  - component: {fileID: 2418266015150292622}
  - component: {fileID: 7114462922110163418}
  - component: {fileID: 3604272302398550160}
  - component: {fileID: 5834884634130838052}
  m_Layer: 5
  m_Name: Text 3
  m_TagString: Untagged
  m_Icon: {fileID: 0}
  m_NavMeshLayer: 0
  m_StaticEditorFlags: 0
  m_IsActive: 1
--- !u!224 &2418266015150292622
RectTransform:
  m_ObjectHideFlags: 0
  m_CorrespondingSourceObject: {fileID: 0}
  m_PrefabInstance: {fileID: 0}
  m_PrefabAsset: {fileID: 0}
  m_GameObject: {fileID: 2441742743625859722}
  m_LocalRotation: {x: -0, y: -0, z: -0, w: 1}
  m_LocalPosition: {x: 0, y: 0, z: 0}
  m_LocalScale: {x: 1, y: 1, z: 1}
  m_Children: []
  m_Father: {fileID: 7912034477886810906}
  m_RootOrder: 5
  m_LocalEulerAnglesHint: {x: 0, y: 0, z: 0}
  m_AnchorMin: {x: 0, y: 0.5}
  m_AnchorMax: {x: 1, y: 0.5}
  m_AnchoredPosition: {x: 0.000030517578, y: -563}
  m_SizeDelta: {x: -97.04907, y: 84.118195}
  m_Pivot: {x: 0.5, y: 0.5}
--- !u!222 &7114462922110163418
CanvasRenderer:
  m_ObjectHideFlags: 0
  m_CorrespondingSourceObject: {fileID: 0}
  m_PrefabInstance: {fileID: 0}
  m_PrefabAsset: {fileID: 0}
  m_GameObject: {fileID: 2441742743625859722}
  m_CullTransparentMesh: 0
--- !u!114 &3604272302398550160
MonoBehaviour:
  m_ObjectHideFlags: 0
  m_CorrespondingSourceObject: {fileID: 0}
  m_PrefabInstance: {fileID: 0}
  m_PrefabAsset: {fileID: 0}
  m_GameObject: {fileID: 2441742743625859722}
  m_Enabled: 1
  m_EditorHideFlags: 0
  m_Script: {fileID: 11500000, guid: 5f7201a12d95ffc409449d95f23cf332, type: 3}
  m_Name: 
  m_EditorClassIdentifier: 
  m_Material: {fileID: 0}
  m_Color: {r: 0.27058825, g: 0.33333334, b: 0.627451, a: 1}
  m_RaycastTarget: 1
  m_Maskable: 1
  m_OnCullStateChanged:
    m_PersistentCalls:
      m_Calls: []
  m_FontData:
    m_Font: {fileID: 12800000, guid: 2b670064b08449e499ac078dda4cc818, type: 3}
    m_FontSize: 40
    m_FontStyle: 0
    m_BestFit: 0
    m_MinSize: 0
    m_MaxSize: 200
    m_Alignment: 7
    m_AlignByGeometry: 0
    m_RichText: 1
    m_HorizontalOverflow: 0
    m_VerticalOverflow: 1
    m_LineSpacing: 1
  m_Text: ITEMS
--- !u!114 &5834884634130838052
MonoBehaviour:
  m_ObjectHideFlags: 0
  m_CorrespondingSourceObject: {fileID: 0}
  m_PrefabInstance: {fileID: 0}
  m_PrefabAsset: {fileID: 0}
  m_GameObject: {fileID: 2441742743625859722}
  m_Enabled: 1
  m_EditorHideFlags: 0
  m_Script: {fileID: 11500000, guid: 16d8afa6a03f6b9499bc71cdacb22cea, type: 3}
  m_Name: 
  m_EditorClassIdentifier: 
  mode: Upcase
--- !u!1 &2646044301406925653
GameObject:
  m_ObjectHideFlags: 0
  m_CorrespondingSourceObject: {fileID: 0}
  m_PrefabInstance: {fileID: 0}
  m_PrefabAsset: {fileID: 0}
  serializedVersion: 6
  m_Component:
  - component: {fileID: 6764770618022995829}
  - component: {fileID: 5404754905450913053}
  - component: {fileID: 4187550204819098496}
  - component: {fileID: 4810432416133476603}
  m_Layer: 5
  m_Name: Viewport
  m_TagString: Untagged
  m_Icon: {fileID: 0}
  m_NavMeshLayer: 0
  m_StaticEditorFlags: 0
  m_IsActive: 1
--- !u!224 &6764770618022995829
RectTransform:
  m_ObjectHideFlags: 0
  m_CorrespondingSourceObject: {fileID: 0}
  m_PrefabInstance: {fileID: 0}
  m_PrefabAsset: {fileID: 0}
  m_GameObject: {fileID: 2646044301406925653}
  m_LocalRotation: {x: -0, y: -0, z: -0, w: 1}
  m_LocalPosition: {x: 0, y: 0, z: 0}
  m_LocalScale: {x: 1, y: 1, z: 1}
  m_Children:
  - {fileID: 7912034477886810906}
  m_Father: {fileID: 140965941173420570}
  m_RootOrder: 0
  m_LocalEulerAnglesHint: {x: 0, y: 0, z: 0}
  m_AnchorMin: {x: 0, y: 1}
  m_AnchorMax: {x: 1, y: 1}
  m_AnchoredPosition: {x: 0, y: 158.5}
  m_SizeDelta: {x: 0, y: 1477.4934}
  m_Pivot: {x: 0, y: 1}
--- !u!222 &5404754905450913053
CanvasRenderer:
  m_ObjectHideFlags: 0
  m_CorrespondingSourceObject: {fileID: 0}
  m_PrefabInstance: {fileID: 0}
  m_PrefabAsset: {fileID: 0}
  m_GameObject: {fileID: 2646044301406925653}
  m_CullTransparentMesh: 0
--- !u!114 &4187550204819098496
MonoBehaviour:
  m_ObjectHideFlags: 0
  m_CorrespondingSourceObject: {fileID: 0}
  m_PrefabInstance: {fileID: 0}
  m_PrefabAsset: {fileID: 0}
  m_GameObject: {fileID: 2646044301406925653}
  m_Enabled: 1
  m_EditorHideFlags: 0
  m_Script: {fileID: 11500000, guid: fe87c0e1cc204ed48ad3b37840f39efc, type: 3}
  m_Name: 
  m_EditorClassIdentifier: 
  m_Material: {fileID: 0}
  m_Color: {r: 1, g: 1, b: 1, a: 1}
  m_RaycastTarget: 1
  m_Maskable: 1
  m_OnCullStateChanged:
    m_PersistentCalls:
      m_Calls: []
  m_Sprite: {fileID: 10917, guid: 0000000000000000f000000000000000, type: 0}
  m_Type: 1
  m_PreserveAspect: 0
  m_FillCenter: 1
  m_FillMethod: 4
  m_FillAmount: 1
  m_FillClockwise: 1
  m_FillOrigin: 0
  m_UseSpriteMesh: 0
  m_PixelsPerUnitMultiplier: 1
--- !u!114 &4810432416133476603
MonoBehaviour:
  m_ObjectHideFlags: 0
  m_CorrespondingSourceObject: {fileID: 0}
  m_PrefabInstance: {fileID: 0}
  m_PrefabAsset: {fileID: 0}
  m_GameObject: {fileID: 2646044301406925653}
  m_Enabled: 1
  m_EditorHideFlags: 0
  m_Script: {fileID: 11500000, guid: 31a19414c41e5ae4aae2af33fee712f6, type: 3}
  m_Name: 
  m_EditorClassIdentifier: 
  m_ShowMaskGraphic: 0
--- !u!114 &3425832764146185385
MonoBehaviour:
  m_ObjectHideFlags: 0
  m_CorrespondingSourceObject: {fileID: 0}
  m_PrefabInstance: {fileID: 0}
  m_PrefabAsset: {fileID: 0}
  m_GameObject: {fileID: 7619869487329049066}
  m_Enabled: 1
  m_EditorHideFlags: 0
  m_Script: {fileID: 11500000, guid: 7f4c10d5cb701574e9d32478e84f3255, type: 3}
  m_Name: 
  m_EditorClassIdentifier: 
  mainImage: {fileID: 0}
  lookComponentsInChildren: 0
  componentChild: {fileID: 0}
  isInteractable: 0
  buttonIcon: {fileID: 0}
  isDraggable: 0
  lockX: 0
  lockY: 0
  rangeLeftX: 0
  rangeRightX: 0
  rangeLeftY: 0
  rangeRightY: 0
  initPosition: {x: 0, y: 0}
  isAnimatable: 0
  punchSizeIncrement: 0
  punchTimeLength: 0
  anim: 0
  isOutlinable: 0
  outlineImage: {fileID: 0}
  outlineTime: 0
  isTintable: 0
  tintDuration: 0
  useAnimatableTimeScale: 0
  isHoldable: 0
  hasTouchSound: 0
  sound: 0
  audioController: {fileID: 11400000, guid: 33f1758c29a0a914aaf54153e0d60ddf, type: 2}
  isRealTimeUpdateable: 1
  usesBadge: 0
  badge: {fileID: 0}
  uiController: {fileID: 11400000, guid: de75965cb8b912e49960642082c05519, type: 2}
  isHighlightable: 0
  highlightOnUnlocking: 0
  unlockingHighlightTime: 0
  highlightedTimes: 0
  tapsToStopHighlight: 0
  hasStrongHighlight: 0
  strongHighlight: {fileID: 0}
  taps: 0
  isLocalizable: 1
  loc: {fileID: 11400000, guid: a37450c4e762fd048bf828a2e93544cc, type: 2}
  uiLocalizables:
  - stringRef:
      stringVariable: {fileID: 0}
      constant: 
      locKey: SHOP_NAME
      locValue: '[SHOP_TITLE: Value not found]'
      lang: 0
      usedValue: 2
      loc: {fileID: 11400000, guid: a37450c4e762fd048bf828a2e93544cc, type: 2}
    txt: {fileID: 7634103488878921776}
  - stringRef:
      stringVariable: {fileID: 0}
      constant: 
      locKey: CREDITS_NAME
      locValue: Piedraestelar
      lang: 0
      usedValue: 2
      loc: {fileID: 11400000, guid: a37450c4e762fd048bf828a2e93544cc, type: 2}
    txt: {fileID: 5198733050067081946}
  isBankListener: 0
  bank: {fileID: 0}
  currenciesToListen: 
  hasWarnings: 0
  usesColorModule: 0
  mainColor: {r: 0, g: 0, b: 0, a: 0}
  touchedColor: {r: 0, g: 0, b: 0, a: 0}
  highlightColor: {r: 0, g: 0, b: 0, a: 0}
  lockedColor: {r: 0, g: 0, b: 0, a: 0}
  colorizableController: {fileID: 0}
  doesOverridePalette: 0
  usesCloseButton: 0
  closeButton: {fileID: 0}
  clickableLayer: {fileID: 0}
  makeOverlayTransparent: 0
  overrideOverlayColor: 0
  overlayOverrideColorKey: 
  overlayAlpha: 0
  skipClosingFromOverlay: 0
  blueOverlayUsesPattern: 1
  skipGaugesOnTop: 0
  container: {fileID: 0}
  animatableOnInvoke: 0
  animType: 2
  invokeAnimTime: 0.5
  displaySoundOnInkove: 1
  invokableSound: 1514024593
  popupSize: 0
  blueCurtainReference: {fileID: 0}
  usesHint: 0
  hintKey: 
  invItemsContainer: {fileID: 96188363015710916}
  invItemsTimestampText: {fileID: 96188361446991840}
  packsContainer: {fileID: 96188362894522094}
  bundleTitle: {fileID: 5940038053540939013}
  bundleTimestamp: {fileID: 3803644158729303449}
  purchaseBundleButton: {fileID: 2799990670043597652}
  bundleContainer: {fileID: 5193996087258966958}
  purchasedBundleText: {fileID: 8571271305990500200}
  bundlePriceText: {fileID: 4321193242219919017}
  scroll: {fileID: 7533402257603148643}
--- !u!1 &5193996087258966958
GameObject:
  m_ObjectHideFlags: 0
  m_CorrespondingSourceObject: {fileID: 0}
  m_PrefabInstance: {fileID: 0}
  m_PrefabAsset: {fileID: 0}
  serializedVersion: 6
  m_Component:
  - component: {fileID: 3936583688126285520}
  - component: {fileID: 691538322002397046}
  - component: {fileID: 5573893489761631680}
  m_Layer: 5
  m_Name: Container
  m_TagString: Untagged
  m_Icon: {fileID: 0}
  m_NavMeshLayer: 0
  m_StaticEditorFlags: 0
  m_IsActive: 1
--- !u!224 &3936583688126285520
RectTransform:
  m_ObjectHideFlags: 0
  m_CorrespondingSourceObject: {fileID: 0}
  m_PrefabInstance: {fileID: 0}
  m_PrefabAsset: {fileID: 0}
  m_GameObject: {fileID: 5193996087258966958}
  m_LocalRotation: {x: 0, y: 0, z: 0, w: 1}
  m_LocalPosition: {x: 0, y: 0, z: 0}
  m_LocalScale: {x: 1, y: 1, z: 1}
  m_Children: []
  m_Father: {fileID: 3803644159308102332}
  m_RootOrder: 0
  m_LocalEulerAnglesHint: {x: 0, y: 0, z: 0}
  m_AnchorMin: {x: 0, y: 0}
  m_AnchorMax: {x: 1, y: 1}
  m_AnchoredPosition: {x: 0, y: 62.96293}
  m_SizeDelta: {x: 0, y: -125.92586}
  m_Pivot: {x: 0.5, y: 0.5}
--- !u!222 &691538322002397046
CanvasRenderer:
  m_ObjectHideFlags: 0
  m_CorrespondingSourceObject: {fileID: 0}
  m_PrefabInstance: {fileID: 0}
  m_PrefabAsset: {fileID: 0}
  m_GameObject: {fileID: 5193996087258966958}
  m_CullTransparentMesh: 0
--- !u!114 &5573893489761631680
MonoBehaviour:
  m_ObjectHideFlags: 0
  m_CorrespondingSourceObject: {fileID: 0}
  m_PrefabInstance: {fileID: 0}
  m_PrefabAsset: {fileID: 0}
  m_GameObject: {fileID: 5193996087258966958}
  m_Enabled: 1
  m_EditorHideFlags: 0
  m_Script: {fileID: 11500000, guid: 30649d3a9faa99c48a7b1166b86bf2a0, type: 3}
  m_Name: 
  m_EditorClassIdentifier: 
  m_Padding:
    m_Left: 10
    m_Right: 10
    m_Top: 12
    m_Bottom: 0
  m_ChildAlignment: 4
  m_Spacing: 15
  m_ChildForceExpandWidth: 0
  m_ChildForceExpandHeight: 1
  m_ChildControlWidth: 1
  m_ChildControlHeight: 0
  m_ChildScaleWidth: 0
  m_ChildScaleHeight: 0
--- !u!1 &5845206115151994844
GameObject:
  m_ObjectHideFlags: 0
  m_CorrespondingSourceObject: {fileID: 0}
  m_PrefabInstance: {fileID: 0}
  m_PrefabAsset: {fileID: 0}
  serializedVersion: 6
  m_Component:
  - component: {fileID: 140965941173420570}
  - component: {fileID: 8255131521018745424}
  - component: {fileID: 6619914212818645844}
  - component: {fileID: 7533402257603148643}
  m_Layer: 5
  m_Name: Scroll View
  m_TagString: Untagged
  m_Icon: {fileID: 0}
  m_NavMeshLayer: 0
  m_StaticEditorFlags: 0
  m_IsActive: 1
--- !u!224 &140965941173420570
RectTransform:
  m_ObjectHideFlags: 0
  m_CorrespondingSourceObject: {fileID: 0}
  m_PrefabInstance: {fileID: 0}
  m_PrefabAsset: {fileID: 0}
  m_GameObject: {fileID: 5845206115151994844}
  m_LocalRotation: {x: 0, y: 0, z: 0, w: 1}
  m_LocalPosition: {x: 0, y: 0, z: 0}
  m_LocalScale: {x: 1, y: 1, z: 1}
  m_Children:
  - {fileID: 6764770618022995829}
  m_Father: {fileID: 7619869487329049061}
  m_RootOrder: 2
  m_LocalEulerAnglesHint: {x: 0, y: 0, z: 0}
  m_AnchorMin: {x: 0, y: 1}
  m_AnchorMax: {x: 1, y: 1}
  m_AnchoredPosition: {x: 0, y: -659.5}
  m_SizeDelta: {x: 0, y: 1319}
  m_Pivot: {x: 0.5, y: 0.5}
--- !u!222 &8255131521018745424
CanvasRenderer:
  m_ObjectHideFlags: 0
  m_CorrespondingSourceObject: {fileID: 0}
  m_PrefabInstance: {fileID: 0}
  m_PrefabAsset: {fileID: 0}
  m_GameObject: {fileID: 5845206115151994844}
  m_CullTransparentMesh: 0
--- !u!114 &6619914212818645844
MonoBehaviour:
  m_ObjectHideFlags: 0
  m_CorrespondingSourceObject: {fileID: 0}
  m_PrefabInstance: {fileID: 0}
  m_PrefabAsset: {fileID: 0}
  m_GameObject: {fileID: 5845206115151994844}
  m_Enabled: 1
  m_EditorHideFlags: 0
  m_Script: {fileID: 11500000, guid: fe87c0e1cc204ed48ad3b37840f39efc, type: 3}
  m_Name: 
  m_EditorClassIdentifier: 
  m_Material: {fileID: 0}
  m_Color: {r: 1, g: 1, b: 1, a: 0}
  m_RaycastTarget: 1
  m_Maskable: 1
  m_OnCullStateChanged:
    m_PersistentCalls:
      m_Calls: []
  m_Sprite: {fileID: 10907, guid: 0000000000000000f000000000000000, type: 0}
  m_Type: 1
  m_PreserveAspect: 0
  m_FillCenter: 1
  m_FillMethod: 4
  m_FillAmount: 1
  m_FillClockwise: 1
  m_FillOrigin: 0
  m_UseSpriteMesh: 0
  m_PixelsPerUnitMultiplier: 1
--- !u!114 &7533402257603148643
MonoBehaviour:
  m_ObjectHideFlags: 0
  m_CorrespondingSourceObject: {fileID: 0}
  m_PrefabInstance: {fileID: 0}
  m_PrefabAsset: {fileID: 0}
  m_GameObject: {fileID: 5845206115151994844}
  m_Enabled: 1
  m_EditorHideFlags: 0
  m_Script: {fileID: 11500000, guid: 1aa08ab6e0800fa44ae55d278d1423e3, type: 3}
  m_Name: 
  m_EditorClassIdentifier: 
  m_Content: {fileID: 7912034477886810906}
  m_Horizontal: 0
  m_Vertical: 1
  m_MovementType: 1
  m_Elasticity: 0.1
  m_Inertia: 1
  m_DecelerationRate: 0.135
  m_ScrollSensitivity: 1
  m_Viewport: {fileID: 6764770618022995829}
  m_HorizontalScrollbar: {fileID: 0}
  m_VerticalScrollbar: {fileID: 0}
  m_HorizontalScrollbarVisibility: 2
  m_VerticalScrollbarVisibility: 2
  m_HorizontalScrollbarSpacing: -3
  m_VerticalScrollbarSpacing: -3
  m_OnValueChanged:
    m_PersistentCalls:
      m_Calls: []
--- !u!1 &6967997529403890696
GameObject:
  m_ObjectHideFlags: 0
  m_CorrespondingSourceObject: {fileID: 0}
  m_PrefabInstance: {fileID: 0}
  m_PrefabAsset: {fileID: 0}
  serializedVersion: 6
  m_Component:
  - component: {fileID: 7912034477886810906}
  m_Layer: 5
  m_Name: Content
  m_TagString: Untagged
  m_Icon: {fileID: 0}
  m_NavMeshLayer: 0
  m_StaticEditorFlags: 0
  m_IsActive: 1
--- !u!224 &7912034477886810906
RectTransform:
  m_ObjectHideFlags: 0
  m_CorrespondingSourceObject: {fileID: 0}
  m_PrefabInstance: {fileID: 0}
  m_PrefabAsset: {fileID: 0}
  m_GameObject: {fileID: 6967997529403890696}
  m_LocalRotation: {x: -0, y: -0, z: -0, w: 1}
  m_LocalPosition: {x: 0, y: 0, z: 0}
  m_LocalScale: {x: 1, y: 1, z: 1}
  m_Children:
  - {fileID: 96188362894522095}
  - {fileID: 900488111463296717}
  - {fileID: 4171412774416874676}
  - {fileID: 3203919713530941}
  - {fileID: 6949236022481810065}
  - {fileID: 2418266015150292622}
  m_Father: {fileID: 6764770618022995829}
  m_RootOrder: 0
  m_LocalEulerAnglesHint: {x: 0, y: 0, z: 0}
  m_AnchorMin: {x: 0, y: 0}
  m_AnchorMax: {x: 1, y: 1}
  m_AnchoredPosition: {x: 0, y: 0}
  m_SizeDelta: {x: 0, y: 1025}
  m_Pivot: {x: 0, y: 1}
--- !u!1 &7186069324006786282
GameObject:
  m_ObjectHideFlags: 0
  m_CorrespondingSourceObject: {fileID: 0}
  m_PrefabInstance: {fileID: 0}
  m_PrefabAsset: {fileID: 0}
  serializedVersion: 6
  m_Component:
  - component: {fileID: 6949236022481810065}
  - component: {fileID: 3978451144494049508}
  - component: {fileID: 5940038053540939013}
  - component: {fileID: 5822789445223276947}
  m_Layer: 5
  m_Name: Text 2
  m_TagString: Untagged
  m_Icon: {fileID: 0}
  m_NavMeshLayer: 0
  m_StaticEditorFlags: 0
  m_IsActive: 1
--- !u!224 &6949236022481810065
RectTransform:
  m_ObjectHideFlags: 0
  m_CorrespondingSourceObject: {fileID: 0}
  m_PrefabInstance: {fileID: 0}
  m_PrefabAsset: {fileID: 0}
  m_GameObject: {fileID: 7186069324006786282}
  m_LocalRotation: {x: -0, y: -0, z: -0, w: 1}
  m_LocalPosition: {x: 0, y: 0, z: 0}
  m_LocalScale: {x: 1, y: 1, z: 1}
  m_Children: []
  m_Father: {fileID: 7912034477886810906}
  m_RootOrder: 4
  m_LocalEulerAnglesHint: {x: 0, y: 0, z: 0}
  m_AnchorMin: {x: 0, y: 0.5}
  m_AnchorMax: {x: 1, y: 0.5}
  m_AnchoredPosition: {x: 0.000030517578, y: 125}
  m_SizeDelta: {x: -97.04907, y: 84.118195}
  m_Pivot: {x: 0.5, y: 0.5}
--- !u!222 &3978451144494049508
CanvasRenderer:
  m_ObjectHideFlags: 0
  m_CorrespondingSourceObject: {fileID: 0}
  m_PrefabInstance: {fileID: 0}
  m_PrefabAsset: {fileID: 0}
  m_GameObject: {fileID: 7186069324006786282}
  m_CullTransparentMesh: 0
--- !u!114 &5940038053540939013
MonoBehaviour:
  m_ObjectHideFlags: 0
  m_CorrespondingSourceObject: {fileID: 0}
  m_PrefabInstance: {fileID: 0}
  m_PrefabAsset: {fileID: 0}
  m_GameObject: {fileID: 7186069324006786282}
  m_Enabled: 1
  m_EditorHideFlags: 0
  m_Script: {fileID: 11500000, guid: 5f7201a12d95ffc409449d95f23cf332, type: 3}
  m_Name: 
  m_EditorClassIdentifier: 
  m_Material: {fileID: 0}
  m_Color: {r: 0.27058825, g: 0.33333334, b: 0.627451, a: 1}
  m_RaycastTarget: 1
  m_Maskable: 1
  m_OnCullStateChanged:
    m_PersistentCalls:
      m_Calls: []
  m_FontData:
    m_Font: {fileID: 12800000, guid: 2b670064b08449e499ac078dda4cc818, type: 3}
    m_FontSize: 40
    m_FontStyle: 0
    m_BestFit: 0
    m_MinSize: 0
    m_MaxSize: 200
    m_Alignment: 7
    m_AlignByGeometry: 0
    m_RichText: 1
    m_HorizontalOverflow: 0
    m_VerticalOverflow: 1
    m_LineSpacing: 1
  m_Text: dfdfdfdfdfdfdfdf
--- !u!114 &5822789445223276947
MonoBehaviour:
  m_ObjectHideFlags: 0
  m_CorrespondingSourceObject: {fileID: 0}
  m_PrefabInstance: {fileID: 0}
  m_PrefabAsset: {fileID: 0}
  m_GameObject: {fileID: 7186069324006786282}
  m_Enabled: 1
  m_EditorHideFlags: 0
  m_Script: {fileID: 11500000, guid: 16d8afa6a03f6b9499bc71cdacb22cea, type: 3}
  m_Name: 
  m_EditorClassIdentifier: 
  mode: Upcase
--- !u!1 &7253714663101077971
GameObject:
  m_ObjectHideFlags: 0
  m_CorrespondingSourceObject: {fileID: 0}
  m_PrefabInstance: {fileID: 0}
  m_PrefabAsset: {fileID: 0}
  serializedVersion: 6
  m_Component:
  - component: {fileID: 5201997452139267524}
  - component: {fileID: 2872138609948563440}
  - component: {fileID: 8571271305990500200}
  - component: {fileID: 1735507787}
  m_Layer: 5
  m_Name: Text
  m_TagString: Untagged
  m_Icon: {fileID: 0}
  m_NavMeshLayer: 0
  m_StaticEditorFlags: 0
  m_IsActive: 1
--- !u!224 &5201997452139267524
RectTransform:
  m_ObjectHideFlags: 0
  m_CorrespondingSourceObject: {fileID: 0}
  m_PrefabInstance: {fileID: 0}
  m_PrefabAsset: {fileID: 0}
  m_GameObject: {fileID: 7253714663101077971}
  m_LocalRotation: {x: 0, y: 0, z: 0, w: 1}
  m_LocalPosition: {x: 0, y: 0, z: 0}
  m_LocalScale: {x: 1, y: 1, z: 1}
  m_Children: []
  m_Father: {fileID: 3803644159308102332}
  m_RootOrder: 2
  m_LocalEulerAnglesHint: {x: 0, y: 0, z: 0}
  m_AnchorMin: {x: 0.5, y: 0}
  m_AnchorMax: {x: 0.5, y: 0}
  m_AnchoredPosition: {x: 0, y: 65.30217}
  m_SizeDelta: {x: 548.1062, y: 77.56636}
  m_Pivot: {x: 0.5, y: 0.5}
--- !u!222 &2872138609948563440
CanvasRenderer:
  m_ObjectHideFlags: 0
  m_CorrespondingSourceObject: {fileID: 0}
  m_PrefabInstance: {fileID: 0}
  m_PrefabAsset: {fileID: 0}
  m_GameObject: {fileID: 7253714663101077971}
  m_CullTransparentMesh: 0
--- !u!114 &8571271305990500200
MonoBehaviour:
  m_ObjectHideFlags: 0
  m_CorrespondingSourceObject: {fileID: 0}
  m_PrefabInstance: {fileID: 0}
  m_PrefabAsset: {fileID: 0}
  m_GameObject: {fileID: 7253714663101077971}
  m_Enabled: 1
  m_EditorHideFlags: 0
  m_Script: {fileID: 11500000, guid: 5f7201a12d95ffc409449d95f23cf332, type: 3}
  m_Name: 
  m_EditorClassIdentifier: 
  m_Material: {fileID: 0}
  m_Color: {r: 0.19607843, g: 0.19607843, b: 0.19607843, a: 1}
  m_RaycastTarget: 1
  m_Maskable: 1
  m_OnCullStateChanged:
    m_PersistentCalls:
      m_Calls: []
  m_FontData:
    m_Font: {fileID: 12800000, guid: 9d89624cb538ec74b9e099b73875e3fe, type: 3}
    m_FontSize: 14
    m_FontStyle: 0
    m_BestFit: 1
    m_MinSize: 10
    m_MaxSize: 60
    m_Alignment: 4
    m_AlignByGeometry: 0
    m_RichText: 1
    m_HorizontalOverflow: 0
    m_VerticalOverflow: 0
    m_LineSpacing: 1
  m_Text: New Text
--- !u!114 &1735507787
MonoBehaviour:
  m_ObjectHideFlags: 0
  m_CorrespondingSourceObject: {fileID: 0}
  m_PrefabInstance: {fileID: 0}
  m_PrefabAsset: {fileID: 0}
  m_GameObject: {fileID: 7253714663101077971}
  m_Enabled: 1
  m_EditorHideFlags: 0
  m_Script: {fileID: 11500000, guid: 056eadb6d88ccd14cbdb37e52e004c92, type: 3}
  m_Name: 
  m_EditorClassIdentifier: 
  graphic: {fileID: 8571271305990500200}
  desiredColorType: second_dark
  overridesAlpha: 0
  alpha: 0
  colorController: {fileID: 11400000, guid: 03c6b1175a5ebb041a48ea2e62a76f73, type: 2}
--- !u!1 &8775957231476466949
GameObject:
  m_ObjectHideFlags: 0
  m_CorrespondingSourceObject: {fileID: 0}
  m_PrefabInstance: {fileID: 0}
  m_PrefabAsset: {fileID: 0}
  serializedVersion: 6
  m_Component:
  - component: {fileID: 3203919713530941}
  - component: {fileID: 2859547202347885039}
  - component: {fileID: 5198733050067081946}
  - component: {fileID: 654908040686213592}
  m_Layer: 5
  m_Name: Text 1
  m_TagString: Untagged
  m_Icon: {fileID: 0}
  m_NavMeshLayer: 0
  m_StaticEditorFlags: 0
  m_IsActive: 1
--- !u!224 &3203919713530941
RectTransform:
  m_ObjectHideFlags: 0
  m_CorrespondingSourceObject: {fileID: 0}
  m_PrefabInstance: {fileID: 0}
  m_PrefabAsset: {fileID: 0}
  m_GameObject: {fileID: 8775957231476466949}
  m_LocalRotation: {x: -0, y: -0, z: -0, w: 1}
  m_LocalPosition: {x: 0, y: 0, z: 0}
  m_LocalScale: {x: 1, y: 1, z: 1}
  m_Children: []
  m_Father: {fileID: 7912034477886810906}
  m_RootOrder: 3
  m_LocalEulerAnglesHint: {x: 0, y: 0, z: 0}
  m_AnchorMin: {x: 0, y: 1}
  m_AnchorMax: {x: 1, y: 1}
  m_AnchoredPosition: {x: -5.4245, y: -46.089}
  m_SizeDelta: {x: -97.04907, y: 92.177734}
  m_Pivot: {x: 0.5, y: 0.5}
--- !u!222 &2859547202347885039
CanvasRenderer:
  m_ObjectHideFlags: 0
  m_CorrespondingSourceObject: {fileID: 0}
  m_PrefabInstance: {fileID: 0}
  m_PrefabAsset: {fileID: 0}
  m_GameObject: {fileID: 8775957231476466949}
  m_CullTransparentMesh: 0
--- !u!114 &5198733050067081946
MonoBehaviour:
  m_ObjectHideFlags: 0
  m_CorrespondingSourceObject: {fileID: 0}
  m_PrefabInstance: {fileID: 0}
  m_PrefabAsset: {fileID: 0}
  m_GameObject: {fileID: 8775957231476466949}
  m_Enabled: 1
  m_EditorHideFlags: 0
  m_Script: {fileID: 11500000, guid: 5f7201a12d95ffc409449d95f23cf332, type: 3}
  m_Name: 
  m_EditorClassIdentifier: 
  m_Material: {fileID: 0}
  m_Color: {r: 0.27058825, g: 0.33333334, b: 0.627451, a: 1}
  m_RaycastTarget: 1
  m_Maskable: 1
  m_OnCullStateChanged:
    m_PersistentCalls:
      m_Calls: []
  m_FontData:
    m_Font: {fileID: 12800000, guid: 2b670064b08449e499ac078dda4cc818, type: 3}
    m_FontSize: 40
    m_FontStyle: 0
    m_BestFit: 0
    m_MinSize: 0
    m_MaxSize: 200
    m_Alignment: 7
    m_AlignByGeometry: 0
    m_RichText: 1
    m_HorizontalOverflow: 0
    m_VerticalOverflow: 1
    m_LineSpacing: 1
  m_Text: PIEDRAS ESTELARES
--- !u!114 &654908040686213592
MonoBehaviour:
  m_ObjectHideFlags: 0
  m_CorrespondingSourceObject: {fileID: 0}
  m_PrefabInstance: {fileID: 0}
  m_PrefabAsset: {fileID: 0}
  m_GameObject: {fileID: 8775957231476466949}
  m_Enabled: 1
  m_EditorHideFlags: 0
  m_Script: {fileID: 11500000, guid: 16d8afa6a03f6b9499bc71cdacb22cea, type: 3}
  m_Name: 
  m_EditorClassIdentifier: 
  mode: Upcase
--- !u!1001 &1323389858701017125
PrefabInstance:
  m_ObjectHideFlags: 0
  serializedVersion: 2
  m_Modification:
    m_TransformParent: {fileID: 7912034477886810906}
    m_Modifications:
    - target: {fileID: 1371375629771223971, guid: ddf404874d8aa4149b180b801d550f5f,
        type: 3}
      propertyPath: m_PixelsPerUnitMultiplier
      value: 2
      objectReference: {fileID: 0}
    - target: {fileID: 2517226153632786335, guid: ddf404874d8aa4149b180b801d550f5f,
        type: 3}
      propertyPath: m_Name
      value: InventoryShopModule
      objectReference: {fileID: 0}
    - target: {fileID: 3152086263907908753, guid: ddf404874d8aa4149b180b801d550f5f,
        type: 3}
      propertyPath: m_LocalPosition.x
      value: 0
      objectReference: {fileID: 0}
    - target: {fileID: 3152086263907908753, guid: ddf404874d8aa4149b180b801d550f5f,
        type: 3}
      propertyPath: m_LocalPosition.y
      value: 0
      objectReference: {fileID: 0}
    - target: {fileID: 3152086263907908753, guid: ddf404874d8aa4149b180b801d550f5f,
        type: 3}
      propertyPath: m_LocalPosition.z
      value: 0
      objectReference: {fileID: 0}
    - target: {fileID: 3152086263907908753, guid: ddf404874d8aa4149b180b801d550f5f,
        type: 3}
      propertyPath: m_LocalRotation.x
      value: -0
      objectReference: {fileID: 0}
    - target: {fileID: 3152086263907908753, guid: ddf404874d8aa4149b180b801d550f5f,
        type: 3}
      propertyPath: m_LocalRotation.y
      value: -0
      objectReference: {fileID: 0}
    - target: {fileID: 3152086263907908753, guid: ddf404874d8aa4149b180b801d550f5f,
        type: 3}
      propertyPath: m_LocalRotation.z
      value: -0
      objectReference: {fileID: 0}
    - target: {fileID: 3152086263907908753, guid: ddf404874d8aa4149b180b801d550f5f,
        type: 3}
      propertyPath: m_LocalRotation.w
      value: 1
      objectReference: {fileID: 0}
    - target: {fileID: 3152086263907908753, guid: ddf404874d8aa4149b180b801d550f5f,
        type: 3}
      propertyPath: m_RootOrder
      value: 2
      objectReference: {fileID: 0}
    - target: {fileID: 3152086263907908753, guid: ddf404874d8aa4149b180b801d550f5f,
        type: 3}
      propertyPath: m_LocalEulerAnglesHint.x
      value: 0
      objectReference: {fileID: 0}
    - target: {fileID: 3152086263907908753, guid: ddf404874d8aa4149b180b801d550f5f,
        type: 3}
      propertyPath: m_LocalEulerAnglesHint.y
      value: 0
      objectReference: {fileID: 0}
    - target: {fileID: 3152086263907908753, guid: ddf404874d8aa4149b180b801d550f5f,
        type: 3}
      propertyPath: m_LocalEulerAnglesHint.z
      value: 0
      objectReference: {fileID: 0}
    - target: {fileID: 3152086263907908753, guid: ddf404874d8aa4149b180b801d550f5f,
        type: 3}
      propertyPath: m_AnchoredPosition.x
      value: -4.4244995
      objectReference: {fileID: 0}
    - target: {fileID: 3152086263907908753, guid: ddf404874d8aa4149b180b801d550f5f,
        type: 3}
      propertyPath: m_AnchoredPosition.y
      value: 205
      objectReference: {fileID: 0}
    - target: {fileID: 3152086263907908753, guid: ddf404874d8aa4149b180b801d550f5f,
        type: 3}
      propertyPath: m_SizeDelta.x
      value: 816
      objectReference: {fileID: 0}
    - target: {fileID: 3152086263907908753, guid: ddf404874d8aa4149b180b801d550f5f,
        type: 3}
      propertyPath: m_SizeDelta.y
      value: 415
      objectReference: {fileID: 0}
    - target: {fileID: 3152086263907908753, guid: ddf404874d8aa4149b180b801d550f5f,
        type: 3}
      propertyPath: m_AnchorMin.x
      value: 0.5
      objectReference: {fileID: 0}
    - target: {fileID: 3152086263907908753, guid: ddf404874d8aa4149b180b801d550f5f,
        type: 3}
      propertyPath: m_AnchorMin.y
      value: 0
      objectReference: {fileID: 0}
    - target: {fileID: 3152086263907908753, guid: ddf404874d8aa4149b180b801d550f5f,
        type: 3}
      propertyPath: m_AnchorMax.x
      value: 0.5
      objectReference: {fileID: 0}
    - target: {fileID: 3152086263907908753, guid: ddf404874d8aa4149b180b801d550f5f,
        type: 3}
      propertyPath: m_AnchorMax.y
      value: 0
      objectReference: {fileID: 0}
    - target: {fileID: 3152086263907908753, guid: ddf404874d8aa4149b180b801d550f5f,
        type: 3}
      propertyPath: m_Pivot.x
      value: 0.5
      objectReference: {fileID: 0}
    - target: {fileID: 3152086263907908753, guid: ddf404874d8aa4149b180b801d550f5f,
        type: 3}
      propertyPath: m_Pivot.y
      value: 0
      objectReference: {fileID: 0}
    m_RemovedComponents:
    - {fileID: 1371375631113742567, guid: ddf404874d8aa4149b180b801d550f5f, type: 3}
  m_SourcePrefab: {fileID: 100100000, guid: ddf404874d8aa4149b180b801d550f5f, type: 3}
--- !u!224 &4171412774416874676 stripped
RectTransform:
  m_CorrespondingSourceObject: {fileID: 3152086263907908753, guid: ddf404874d8aa4149b180b801d550f5f,
    type: 3}
  m_PrefabInstance: {fileID: 1323389858701017125}
  m_PrefabAsset: {fileID: 0}
--- !u!1 &96188363015710916 stripped
GameObject:
  m_CorrespondingSourceObject: {fileID: 1371375631113742561, guid: ddf404874d8aa4149b180b801d550f5f,
    type: 3}
  m_PrefabInstance: {fileID: 1323389858701017125}
  m_PrefabAsset: {fileID: 0}
--- !u!114 &96188361446991840 stripped
MonoBehaviour:
  m_CorrespondingSourceObject: {fileID: 1371375629477980101, guid: ddf404874d8aa4149b180b801d550f5f,
    type: 3}
  m_PrefabInstance: {fileID: 1323389858701017125}
  m_PrefabAsset: {fileID: 0}
  m_GameObject: {fileID: 0}
  m_Enabled: 1
  m_EditorHideFlags: 0
  m_Script: {fileID: 11500000, guid: 5f7201a12d95ffc409449d95f23cf332, type: 3}
  m_Name: 
  m_EditorClassIdentifier: 
--- !u!1001 &2864668605224915548
PrefabInstance:
  m_ObjectHideFlags: 0
  serializedVersion: 2
  m_Modification:
    m_TransformParent: {fileID: 7912034477886810906}
    m_Modifications:
    - target: {fileID: 1371375629771223971, guid: ddf404874d8aa4149b180b801d550f5f,
        type: 3}
      propertyPath: m_PixelsPerUnitMultiplier
      value: 2
      objectReference: {fileID: 0}
    - target: {fileID: 1371375629771223980, guid: ddf404874d8aa4149b180b801d550f5f,
        type: 3}
      propertyPath: m_AnchoredPosition.y
      value: -10
      objectReference: {fileID: 0}
    - target: {fileID: 1371375629771223980, guid: ddf404874d8aa4149b180b801d550f5f,
        type: 3}
      propertyPath: m_SizeDelta.y
      value: 164.32037
      objectReference: {fileID: 0}
    - target: {fileID: 1371375631113742560, guid: ddf404874d8aa4149b180b801d550f5f,
        type: 3}
      propertyPath: m_AnchoredPosition.y
      value: -23.5
      objectReference: {fileID: 0}
    - target: {fileID: 1371375631113742560, guid: ddf404874d8aa4149b180b801d550f5f,
        type: 3}
      propertyPath: m_SizeDelta.y
      value: 444.06525
      objectReference: {fileID: 0}
    - target: {fileID: 2517226153632786335, guid: ddf404874d8aa4149b180b801d550f5f,
        type: 3}
      propertyPath: m_Name
      value: Bundles
      objectReference: {fileID: 0}
    - target: {fileID: 3152086263907908753, guid: ddf404874d8aa4149b180b801d550f5f,
        type: 3}
      propertyPath: m_LocalPosition.x
      value: 0
      objectReference: {fileID: 0}
    - target: {fileID: 3152086263907908753, guid: ddf404874d8aa4149b180b801d550f5f,
        type: 3}
      propertyPath: m_LocalPosition.y
      value: 0
      objectReference: {fileID: 0}
    - target: {fileID: 3152086263907908753, guid: ddf404874d8aa4149b180b801d550f5f,
        type: 3}
      propertyPath: m_LocalPosition.z
      value: 0
      objectReference: {fileID: 0}
    - target: {fileID: 3152086263907908753, guid: ddf404874d8aa4149b180b801d550f5f,
        type: 3}
      propertyPath: m_LocalRotation.x
      value: -0
      objectReference: {fileID: 0}
    - target: {fileID: 3152086263907908753, guid: ddf404874d8aa4149b180b801d550f5f,
        type: 3}
      propertyPath: m_LocalRotation.y
      value: -0
      objectReference: {fileID: 0}
    - target: {fileID: 3152086263907908753, guid: ddf404874d8aa4149b180b801d550f5f,
        type: 3}
      propertyPath: m_LocalRotation.z
      value: -0
      objectReference: {fileID: 0}
    - target: {fileID: 3152086263907908753, guid: ddf404874d8aa4149b180b801d550f5f,
        type: 3}
      propertyPath: m_LocalRotation.w
      value: 1
      objectReference: {fileID: 0}
    - target: {fileID: 3152086263907908753, guid: ddf404874d8aa4149b180b801d550f5f,
        type: 3}
      propertyPath: m_RootOrder
      value: 1
      objectReference: {fileID: 0}
    - target: {fileID: 3152086263907908753, guid: ddf404874d8aa4149b180b801d550f5f,
        type: 3}
      propertyPath: m_LocalEulerAnglesHint.x
      value: 0
      objectReference: {fileID: 0}
    - target: {fileID: 3152086263907908753, guid: ddf404874d8aa4149b180b801d550f5f,
        type: 3}
      propertyPath: m_LocalEulerAnglesHint.y
      value: 0
      objectReference: {fileID: 0}
    - target: {fileID: 3152086263907908753, guid: ddf404874d8aa4149b180b801d550f5f,
        type: 3}
      propertyPath: m_LocalEulerAnglesHint.z
      value: 0
      objectReference: {fileID: 0}
    - target: {fileID: 3152086263907908753, guid: ddf404874d8aa4149b180b801d550f5f,
        type: 3}
      propertyPath: m_AnchoredPosition.x
      value: -4.9244995
      objectReference: {fileID: 0}
    - target: {fileID: 3152086263907908753, guid: ddf404874d8aa4149b180b801d550f5f,
        type: 3}
      propertyPath: m_AnchoredPosition.y
      value: 892.0001
      objectReference: {fileID: 0}
    - target: {fileID: 3152086263907908753, guid: ddf404874d8aa4149b180b801d550f5f,
        type: 3}
      propertyPath: m_SizeDelta.x
      value: 816
      objectReference: {fileID: 0}
    - target: {fileID: 3152086263907908753, guid: ddf404874d8aa4149b180b801d550f5f,
        type: 3}
      propertyPath: m_SizeDelta.y
      value: 415
      objectReference: {fileID: 0}
    - target: {fileID: 3152086263907908753, guid: ddf404874d8aa4149b180b801d550f5f,
        type: 3}
      propertyPath: m_AnchorMin.x
      value: 0.5
      objectReference: {fileID: 0}
    - target: {fileID: 3152086263907908753, guid: ddf404874d8aa4149b180b801d550f5f,
        type: 3}
      propertyPath: m_AnchorMin.y
      value: 0
      objectReference: {fileID: 0}
    - target: {fileID: 3152086263907908753, guid: ddf404874d8aa4149b180b801d550f5f,
        type: 3}
      propertyPath: m_AnchorMax.x
      value: 0.5
      objectReference: {fileID: 0}
    - target: {fileID: 3152086263907908753, guid: ddf404874d8aa4149b180b801d550f5f,
        type: 3}
      propertyPath: m_AnchorMax.y
      value: 0
      objectReference: {fileID: 0}
    - target: {fileID: 3152086263907908753, guid: ddf404874d8aa4149b180b801d550f5f,
        type: 3}
      propertyPath: m_Pivot.x
      value: 0.5
      objectReference: {fileID: 0}
    - target: {fileID: 3152086263907908753, guid: ddf404874d8aa4149b180b801d550f5f,
        type: 3}
      propertyPath: m_Pivot.y
      value: 0
      objectReference: {fileID: 0}
    m_RemovedComponents:
    - {fileID: 1371375631113742567, guid: ddf404874d8aa4149b180b801d550f5f, type: 3}
  m_SourcePrefab: {fileID: 100100000, guid: ddf404874d8aa4149b180b801d550f5f, type: 3}
--- !u!224 &900488111463296717 stripped
RectTransform:
  m_CorrespondingSourceObject: {fileID: 3152086263907908753, guid: ddf404874d8aa4149b180b801d550f5f,
    type: 3}
  m_PrefabInstance: {fileID: 2864668605224915548}
  m_PrefabAsset: {fileID: 0}
--- !u!114 &3803644158729303449 stripped
MonoBehaviour:
  m_CorrespondingSourceObject: {fileID: 1371375629477980101, guid: ddf404874d8aa4149b180b801d550f5f,
    type: 3}
  m_PrefabInstance: {fileID: 2864668605224915548}
  m_PrefabAsset: {fileID: 0}
  m_GameObject: {fileID: 0}
  m_Enabled: 1
  m_EditorHideFlags: 0
  m_Script: {fileID: 11500000, guid: 5f7201a12d95ffc409449d95f23cf332, type: 3}
  m_Name: 
  m_EditorClassIdentifier: 
--- !u!224 &3803644159308102332 stripped
RectTransform:
  m_CorrespondingSourceObject: {fileID: 1371375631113742560, guid: ddf404874d8aa4149b180b801d550f5f,
    type: 3}
  m_PrefabInstance: {fileID: 2864668605224915548}
  m_PrefabAsset: {fileID: 0}
--- !u!1001 &3732541612683689896
PrefabInstance:
  m_ObjectHideFlags: 0
  serializedVersion: 2
  m_Modification:
    m_TransformParent: {fileID: 0}
    m_Modifications:
    - target: {fileID: 89003063349294608, guid: 1edc9e7b9314a90499ee6feb554f951f,
        type: 3}
      propertyPath: m_AnchoredPosition.y
      value: 301
      objectReference: {fileID: 0}
    - target: {fileID: 564356238046243834, guid: 1edc9e7b9314a90499ee6feb554f951f,
        type: 3}
      propertyPath: m_RootOrder
      value: 1
      objectReference: {fileID: 0}
    - target: {fileID: 564356238046243834, guid: 1edc9e7b9314a90499ee6feb554f951f,
        type: 3}
      propertyPath: m_AnchoredPosition.y
      value: 38
      objectReference: {fileID: 0}
    - target: {fileID: 1372888548484310361, guid: 1edc9e7b9314a90499ee6feb554f951f,
        type: 3}
      propertyPath: m_RootOrder
      value: 3
      objectReference: {fileID: 0}
    - target: {fileID: 5265497448337774839, guid: 1edc9e7b9314a90499ee6feb554f951f,
        type: 3}
      propertyPath: m_FontData.m_Font
      value: 
      objectReference: {fileID: 12800000, guid: b25dd8ab024e0d74f8b7fb7248088284,
        type: 3}
    - target: {fileID: 5265497448337774839, guid: 1edc9e7b9314a90499ee6feb554f951f,
        type: 3}
      propertyPath: m_FontData.m_FontSize
      value: 80
      objectReference: {fileID: 0}
    - target: {fileID: 5265497448337774839, guid: 1edc9e7b9314a90499ee6feb554f951f,
        type: 3}
      propertyPath: m_FontData.m_MinSize
      value: 0
      objectReference: {fileID: 0}
    - target: {fileID: 5265497448337774839, guid: 1edc9e7b9314a90499ee6feb554f951f,
        type: 3}
      propertyPath: m_FontData.m_Alignment
      value: 7
      objectReference: {fileID: 0}
    - target: {fileID: 5265497448337774839, guid: 1edc9e7b9314a90499ee6feb554f951f,
        type: 3}
      propertyPath: m_Text
      value: TIENDA
      objectReference: {fileID: 0}
    - target: {fileID: 6502474929478121368, guid: 1edc9e7b9314a90499ee6feb554f951f,
        type: 3}
      propertyPath: m_Text
      value: TIENDA
      objectReference: {fileID: 0}
    - target: {fileID: 6517711687842924098, guid: 1edc9e7b9314a90499ee6feb554f951f,
        type: 3}
      propertyPath: m_Name
      value: ShopPopup
      objectReference: {fileID: 0}
    - target: {fileID: 6517711687842924109, guid: 1edc9e7b9314a90499ee6feb554f951f,
        type: 3}
      propertyPath: m_LocalPosition.x
      value: 0
      objectReference: {fileID: 0}
    - target: {fileID: 6517711687842924109, guid: 1edc9e7b9314a90499ee6feb554f951f,
        type: 3}
      propertyPath: m_LocalPosition.y
      value: 0
      objectReference: {fileID: 0}
    - target: {fileID: 6517711687842924109, guid: 1edc9e7b9314a90499ee6feb554f951f,
        type: 3}
      propertyPath: m_LocalPosition.z
      value: 0
      objectReference: {fileID: 0}
    - target: {fileID: 6517711687842924109, guid: 1edc9e7b9314a90499ee6feb554f951f,
        type: 3}
      propertyPath: m_LocalRotation.x
      value: 0
      objectReference: {fileID: 0}
    - target: {fileID: 6517711687842924109, guid: 1edc9e7b9314a90499ee6feb554f951f,
        type: 3}
      propertyPath: m_LocalRotation.y
      value: 0
      objectReference: {fileID: 0}
    - target: {fileID: 6517711687842924109, guid: 1edc9e7b9314a90499ee6feb554f951f,
        type: 3}
      propertyPath: m_LocalRotation.z
      value: 0
      objectReference: {fileID: 0}
    - target: {fileID: 6517711687842924109, guid: 1edc9e7b9314a90499ee6feb554f951f,
        type: 3}
      propertyPath: m_LocalRotation.w
      value: 1
      objectReference: {fileID: 0}
    - target: {fileID: 6517711687842924109, guid: 1edc9e7b9314a90499ee6feb554f951f,
        type: 3}
      propertyPath: m_RootOrder
      value: 0
      objectReference: {fileID: 0}
    - target: {fileID: 6517711687842924109, guid: 1edc9e7b9314a90499ee6feb554f951f,
        type: 3}
      propertyPath: m_LocalEulerAnglesHint.x
      value: 0
      objectReference: {fileID: 0}
    - target: {fileID: 6517711687842924109, guid: 1edc9e7b9314a90499ee6feb554f951f,
        type: 3}
      propertyPath: m_LocalEulerAnglesHint.y
      value: 0
      objectReference: {fileID: 0}
    - target: {fileID: 6517711687842924109, guid: 1edc9e7b9314a90499ee6feb554f951f,
        type: 3}
      propertyPath: m_LocalEulerAnglesHint.z
      value: 0
      objectReference: {fileID: 0}
    - target: {fileID: 6517711687842924109, guid: 1edc9e7b9314a90499ee6feb554f951f,
        type: 3}
      propertyPath: m_AnchoredPosition.x
      value: 0
      objectReference: {fileID: 0}
    - target: {fileID: 6517711687842924109, guid: 1edc9e7b9314a90499ee6feb554f951f,
        type: 3}
      propertyPath: m_AnchoredPosition.y
      value: -500
      objectReference: {fileID: 0}
    - target: {fileID: 6517711687842924109, guid: 1edc9e7b9314a90499ee6feb554f951f,
        type: 3}
      propertyPath: m_SizeDelta.x
      value: 815
      objectReference: {fileID: 0}
    - target: {fileID: 6517711687842924109, guid: 1edc9e7b9314a90499ee6feb554f951f,
        type: 3}
      propertyPath: m_SizeDelta.y
      value: 1412.5437
      objectReference: {fileID: 0}
    - target: {fileID: 6517711687842924109, guid: 1edc9e7b9314a90499ee6feb554f951f,
        type: 3}
      propertyPath: m_AnchorMin.x
      value: 0.5
      objectReference: {fileID: 0}
    - target: {fileID: 6517711687842924109, guid: 1edc9e7b9314a90499ee6feb554f951f,
        type: 3}
      propertyPath: m_AnchorMin.y
      value: 1
      objectReference: {fileID: 0}
    - target: {fileID: 6517711687842924109, guid: 1edc9e7b9314a90499ee6feb554f951f,
        type: 3}
      propertyPath: m_AnchorMax.x
      value: 0.5
      objectReference: {fileID: 0}
    - target: {fileID: 6517711687842924109, guid: 1edc9e7b9314a90499ee6feb554f951f,
        type: 3}
      propertyPath: m_AnchorMax.y
      value: 1
      objectReference: {fileID: 0}
    - target: {fileID: 6517711687842924109, guid: 1edc9e7b9314a90499ee6feb554f951f,
        type: 3}
      propertyPath: m_Pivot.x
      value: 0.5
      objectReference: {fileID: 0}
    - target: {fileID: 6517711687842924109, guid: 1edc9e7b9314a90499ee6feb554f951f,
        type: 3}
      propertyPath: m_Pivot.y
      value: 1
      objectReference: {fileID: 0}
    - target: {fileID: 7959249000884346151, guid: 1edc9e7b9314a90499ee6feb554f951f,
        type: 3}
      propertyPath: m_Enabled
      value: 0
      objectReference: {fileID: 0}
    - target: {fileID: 8718164829918865192, guid: 1edc9e7b9314a90499ee6feb554f951f,
        type: 3}
      propertyPath: m_IsActive
      value: 1
      objectReference: {fileID: 0}
    m_RemovedComponents: []
  m_SourcePrefab: {fileID: 100100000, guid: 1edc9e7b9314a90499ee6feb554f951f, type: 3}
--- !u!1 &7619869487329049066 stripped
GameObject:
  m_CorrespondingSourceObject: {fileID: 6517711687842924098, guid: 1edc9e7b9314a90499ee6feb554f951f,
    type: 3}
  m_PrefabInstance: {fileID: 3732541612683689896}
  m_PrefabAsset: {fileID: 0}
--- !u!114 &7634103488878921776 stripped
MonoBehaviour:
  m_CorrespondingSourceObject: {fileID: 6502474929478121368, guid: 1edc9e7b9314a90499ee6feb554f951f,
    type: 3}
  m_PrefabInstance: {fileID: 3732541612683689896}
  m_PrefabAsset: {fileID: 0}
  m_GameObject: {fileID: 0}
  m_Enabled: 1
  m_EditorHideFlags: 0
  m_Script: {fileID: 11500000, guid: 5f7201a12d95ffc409449d95f23cf332, type: 3}
  m_Name: 
  m_EditorClassIdentifier: 
--- !u!224 &7619869487329049061 stripped
RectTransform:
  m_CorrespondingSourceObject: {fileID: 6517711687842924109, guid: 1edc9e7b9314a90499ee6feb554f951f,
    type: 3}
  m_PrefabInstance: {fileID: 3732541612683689896}
  m_PrefabAsset: {fileID: 0}
--- !u!1001 &8810518138399557945
PrefabInstance:
  m_ObjectHideFlags: 0
  serializedVersion: 2
  m_Modification:
    m_TransformParent: {fileID: 3803644159308102332}
    m_Modifications:
    - target: {fileID: 4962061305982434040, guid: c2b33abf3f9b15140a4f6ef2bc6c2080,
        type: 3}
      propertyPath: m_Name
      value: Small CurrencyButton
      objectReference: {fileID: 0}
    - target: {fileID: 5305173413019914029, guid: c2b33abf3f9b15140a4f6ef2bc6c2080,
        type: 3}
      propertyPath: m_LocalPosition.x
      value: 0
      objectReference: {fileID: 0}
    - target: {fileID: 5305173413019914029, guid: c2b33abf3f9b15140a4f6ef2bc6c2080,
        type: 3}
      propertyPath: m_LocalPosition.y
      value: 0
      objectReference: {fileID: 0}
    - target: {fileID: 5305173413019914029, guid: c2b33abf3f9b15140a4f6ef2bc6c2080,
        type: 3}
      propertyPath: m_LocalPosition.z
      value: 0
      objectReference: {fileID: 0}
    - target: {fileID: 5305173413019914029, guid: c2b33abf3f9b15140a4f6ef2bc6c2080,
        type: 3}
      propertyPath: m_LocalRotation.x
      value: -0
      objectReference: {fileID: 0}
    - target: {fileID: 5305173413019914029, guid: c2b33abf3f9b15140a4f6ef2bc6c2080,
        type: 3}
      propertyPath: m_LocalRotation.y
      value: -0
      objectReference: {fileID: 0}
    - target: {fileID: 5305173413019914029, guid: c2b33abf3f9b15140a4f6ef2bc6c2080,
        type: 3}
      propertyPath: m_LocalRotation.z
      value: -0
      objectReference: {fileID: 0}
    - target: {fileID: 5305173413019914029, guid: c2b33abf3f9b15140a4f6ef2bc6c2080,
        type: 3}
      propertyPath: m_LocalRotation.w
      value: 1
      objectReference: {fileID: 0}
    - target: {fileID: 5305173413019914029, guid: c2b33abf3f9b15140a4f6ef2bc6c2080,
        type: 3}
      propertyPath: m_RootOrder
      value: 1
      objectReference: {fileID: 0}
    - target: {fileID: 5305173413019914029, guid: c2b33abf3f9b15140a4f6ef2bc6c2080,
        type: 3}
      propertyPath: m_LocalEulerAnglesHint.x
      value: 0
      objectReference: {fileID: 0}
    - target: {fileID: 5305173413019914029, guid: c2b33abf3f9b15140a4f6ef2bc6c2080,
        type: 3}
      propertyPath: m_LocalEulerAnglesHint.y
      value: 0
      objectReference: {fileID: 0}
    - target: {fileID: 5305173413019914029, guid: c2b33abf3f9b15140a4f6ef2bc6c2080,
        type: 3}
      propertyPath: m_LocalEulerAnglesHint.z
      value: 0
      objectReference: {fileID: 0}
    - target: {fileID: 5305173413019914029, guid: c2b33abf3f9b15140a4f6ef2bc6c2080,
        type: 3}
      propertyPath: m_AnchoredPosition.x
      value: 4.4245224
      objectReference: {fileID: 0}
    - target: {fileID: 5305173413019914029, guid: c2b33abf3f9b15140a4f6ef2bc6c2080,
        type: 3}
      propertyPath: m_AnchoredPosition.y
      value: 22
      objectReference: {fileID: 0}
    - target: {fileID: 5305173413019914029, guid: c2b33abf3f9b15140a4f6ef2bc6c2080,
        type: 3}
      propertyPath: m_SizeDelta.x
      value: 191.75085
      objectReference: {fileID: 0}
    - target: {fileID: 5305173413019914029, guid: c2b33abf3f9b15140a4f6ef2bc6c2080,
        type: 3}
      propertyPath: m_SizeDelta.y
      value: 85
      objectReference: {fileID: 0}
    - target: {fileID: 5305173413019914029, guid: c2b33abf3f9b15140a4f6ef2bc6c2080,
        type: 3}
      propertyPath: m_AnchorMin.x
      value: 0.5
      objectReference: {fileID: 0}
    - target: {fileID: 5305173413019914029, guid: c2b33abf3f9b15140a4f6ef2bc6c2080,
        type: 3}
      propertyPath: m_AnchorMin.y
      value: 0
      objectReference: {fileID: 0}
    - target: {fileID: 5305173413019914029, guid: c2b33abf3f9b15140a4f6ef2bc6c2080,
        type: 3}
      propertyPath: m_AnchorMax.x
      value: 0.5
      objectReference: {fileID: 0}
    - target: {fileID: 5305173413019914029, guid: c2b33abf3f9b15140a4f6ef2bc6c2080,
        type: 3}
      propertyPath: m_AnchorMax.y
      value: 0
      objectReference: {fileID: 0}
    - target: {fileID: 5305173413019914029, guid: c2b33abf3f9b15140a4f6ef2bc6c2080,
        type: 3}
      propertyPath: m_Pivot.x
      value: 0.5
      objectReference: {fileID: 0}
    - target: {fileID: 5305173413019914029, guid: c2b33abf3f9b15140a4f6ef2bc6c2080,
        type: 3}
      propertyPath: m_Pivot.y
      value: 0
      objectReference: {fileID: 0}
    - target: {fileID: 6026352314893830325, guid: c2b33abf3f9b15140a4f6ef2bc6c2080,
        type: 3}
      propertyPath: m_Sprite
      value: 
      objectReference: {fileID: 21300000, guid: 852797df94fdf004cbb9a828b3975365,
        type: 3}
    m_RemovedComponents: []
  m_SourcePrefab: {fileID: 100100000, guid: c2b33abf3f9b15140a4f6ef2bc6c2080, type: 3}
--- !u!114 &4321193242219919017 stripped
MonoBehaviour:
  m_CorrespondingSourceObject: {fileID: 4734068031601721232, guid: c2b33abf3f9b15140a4f6ef2bc6c2080,
    type: 3}
  m_PrefabInstance: {fileID: 8810518138399557945}
  m_PrefabAsset: {fileID: 0}
  m_GameObject: {fileID: 0}
  m_Enabled: 1
  m_EditorHideFlags: 0
  m_Script: {fileID: 11500000, guid: 5f7201a12d95ffc409449d95f23cf332, type: 3}
  m_Name: 
  m_EditorClassIdentifier: 
--- !u!114 &2799990670043597652 stripped
MonoBehaviour:
  m_CorrespondingSourceObject: {fileID: 6673964374206071405, guid: c2b33abf3f9b15140a4f6ef2bc6c2080,
    type: 3}
  m_PrefabInstance: {fileID: 8810518138399557945}
  m_PrefabAsset: {fileID: 0}
  m_GameObject: {fileID: 0}
  m_Enabled: 1
  m_EditorHideFlags: 0
  m_Script: {fileID: 11500000, guid: c4039a281b459794d997eb714ddbf5c2, type: 3}
  m_Name: 
  m_EditorClassIdentifier: 
