%YAML 1.1
%TAG !u! tag:unity3d.com,2011:
--- !u!114 &114987761372441690
MonoBehaviour:
  m_ObjectHideFlags: 0
  m_CorrespondingSourceObject: {fileID: 0}
  m_PrefabInstance: {fileID: 0}
  m_PrefabAsset: {fileID: 0}
  m_GameObject: {fileID: 8283544105721231192}
  m_Enabled: 1
  m_EditorHideFlags: 0
  m_Script: {fileID: 11500000, guid: c8ccbc39b23a620468b097f142311449, type: 3}
  m_Name: 
  m_EditorClassIdentifier: 
  mainImage: {fileID: 0}
  lookComponentsInChildren: 0
  componentChild: {fileID: 0}
  isInteractable: 0
  buttonIcon: {fileID: 0}
  isDraggable: 0
  lockX: 0
  lockY: 0
  rangeLeftX: 0
  rangeRightX: 0
  rangeLeftY: 0
  rangeRightY: 0
  initPosition: {x: 0, y: 0}
  isAnimatable: 0
  punchSizeIncrement: 0
  punchTimeLength: 0
  anim: 0
  isOutlinable: 0
  outlineImage: {fileID: 0}
  outlineTime: 0
  isTintable: 0
  tintDuration: 0
  useAnimatableTimeScale: 0
  isHoldable: 0
  hasTouchSound: 0
  sound: 0
  audioController: {fileID: 11400000, guid: 33f1758c29a0a914aaf54153e0d60ddf, type: 2}
  isRealTimeUpdateable: 1
  usesBadge: 0
  badge: {fileID: 0}
  uiController: {fileID: 11400000, guid: de75965cb8b912e49960642082c05519, type: 2}
  isHighlightable: 0
  highlightOnUnlocking: 0
  unlockingHighlightTime: 0
  highlightedTimes: 0
  tapsToStopHighlight: 0
  hasStrongHighlight: 0
  strongHighlight: {fileID: 0}
  taps: 0
  isLocalizable: 1
  loc: {fileID: 11400000, guid: a37450c4e762fd048bf828a2e93544cc, type: 2}
  uiLocalizables:
  - stringRef:
      stringVariable: {fileID: 0}
      constant: 
      locKey: UI_HEADER_TUT_QUESTS
      locValue: Misiones
      lang: 0
      usedValue: 2
      loc: {fileID: 11400000, guid: a37450c4e762fd048bf828a2e93544cc, type: 2}
    txt: {fileID: 8267466770716837506}
  isBankListener: 0
  bank: {fileID: 0}
  currenciesToListen: 
  hasWarnings: 0
  usesColorModule: 0
  mainColor: {r: 0, g: 0, b: 0, a: 0}
  touchedColor: {r: 0, g: 0, b: 0, a: 0}
  highlightColor: {r: 0, g: 0, b: 0, a: 0}
  lockedColor: {r: 0, g: 0, b: 0, a: 0}
  colorizableController: {fileID: 0}
  doesOverridePalette: 0
  usesCloseButton: 1
  closeButton: {fileID: 4414563963443781218}
  clickableLayer: {fileID: 0}
  makeOverlayTransparent: 0
  overrideOverlayColor: 0
  overlayOverrideColorKey: 
  overlayAlpha: 0
  skipClosingFromOverlay: 0
  blueOverlayUsesPattern: 1
  skipGaugesOnTop: 0
  container: {fileID: 0}
  animatableOnInvoke: 1
  animType: 2
  invokeAnimTime: 0.5
  displaySoundOnInkove: 1
  invokableSound: 1514024593
  popupSize: 0
  blueCurtainReference: {fileID: 0}
  usesHint: 0
  hintKey: 
  questsContainer: {fileID: 8568368344230517379}
  modules: []
--- !u!1 &8568368344230517379
GameObject:
  m_ObjectHideFlags: 0
  m_CorrespondingSourceObject: {fileID: 0}
  m_PrefabInstance: {fileID: 0}
  m_PrefabAsset: {fileID: 0}
  serializedVersion: 6
  m_Component:
  - component: {fileID: 4412778564946557429}
  - component: {fileID: 2733046157515040515}
  - component: {fileID: 3040262391439142251}
  - component: {fileID: 3587076287004259812}
  m_Layer: 5
  m_Name: Content
  m_TagString: Untagged
  m_Icon: {fileID: 0}
  m_NavMeshLayer: 0
  m_StaticEditorFlags: 0
  m_IsActive: 1
--- !u!224 &4412778564946557429
RectTransform:
  m_ObjectHideFlags: 0
  m_CorrespondingSourceObject: {fileID: 0}
  m_PrefabInstance: {fileID: 0}
  m_PrefabAsset: {fileID: 0}
  m_GameObject: {fileID: 8568368344230517379}
  m_LocalRotation: {x: 0, y: 0, z: 0, w: 1}
  m_LocalPosition: {x: 0, y: 0, z: 0}
  m_LocalScale: {x: 1, y: 1, z: 1}
  m_Children: []
  m_Father: {fileID: 8283544105721231191}
  m_RootOrder: 1
  m_LocalEulerAnglesHint: {x: 0, y: 0, z: 0}
  m_AnchorMin: {x: 0, y: 0}
  m_AnchorMax: {x: 1, y: 1}
  m_AnchoredPosition: {x: 0, y: -0.025024414}
  m_SizeDelta: {x: 0, y: -0.049988}
  m_Pivot: {x: 0.5, y: 0.5}
--- !u!222 &2733046157515040515
CanvasRenderer:
  m_ObjectHideFlags: 0
  m_CorrespondingSourceObject: {fileID: 0}
  m_PrefabInstance: {fileID: 0}
  m_PrefabAsset: {fileID: 0}
  m_GameObject: {fileID: 8568368344230517379}
  m_CullTransparentMesh: 0
--- !u!114 &3040262391439142251
MonoBehaviour:
  m_ObjectHideFlags: 0
  m_CorrespondingSourceObject: {fileID: 0}
  m_PrefabInstance: {fileID: 0}
  m_PrefabAsset: {fileID: 0}
  m_GameObject: {fileID: 8568368344230517379}
  m_Enabled: 0
  m_EditorHideFlags: 0
  m_Script: {fileID: 11500000, guid: fe87c0e1cc204ed48ad3b37840f39efc, type: 3}
  m_Name: 
  m_EditorClassIdentifier: 
  m_Material: {fileID: 0}
  m_Color: {r: 1, g: 1, b: 1, a: 0.57254905}
  m_RaycastTarget: 1
  m_Maskable: 1
  m_OnCullStateChanged:
    m_PersistentCalls:
      m_Calls: []
  m_Sprite: {fileID: 21300000, guid: f90419eabd4a34f19bb6c4f0e2147aaa, type: 3}
  m_Type: 1
  m_PreserveAspect: 0
  m_FillCenter: 1
  m_FillMethod: 4
  m_FillAmount: 1
  m_FillClockwise: 1
  m_FillOrigin: 0
  m_UseSpriteMesh: 0
  m_PixelsPerUnitMultiplier: 1
--- !u!114 &3587076287004259812
MonoBehaviour:
  m_ObjectHideFlags: 0
  m_CorrespondingSourceObject: {fileID: 0}
  m_PrefabInstance: {fileID: 0}
  m_PrefabAsset: {fileID: 0}
  m_GameObject: {fileID: 8568368344230517379}
  m_Enabled: 1
  m_EditorHideFlags: 0
  m_Script: {fileID: 11500000, guid: 59f8146938fff824cb5fd77236b75775, type: 3}
  m_Name: 
  m_EditorClassIdentifier: 
  m_Padding:
    m_Left: 0
    m_Right: 0
    m_Top: 0
    m_Bottom: 0
  m_ChildAlignment: 4
  m_Spacing: 0
  m_ChildForceExpandWidth: 0
  m_ChildForceExpandHeight: 0
  m_ChildControlWidth: 0
  m_ChildControlHeight: 0
  m_ChildScaleWidth: 0
  m_ChildScaleHeight: 0
--- !u!1001 &2920196534354145562
PrefabInstance:
  m_ObjectHideFlags: 0
  serializedVersion: 2
  m_Modification:
    m_TransformParent: {fileID: 0}
    m_Modifications:
    - target: {fileID: 564356238046243834, guid: 1edc9e7b9314a90499ee6feb554f951f,
        type: 3}
      propertyPath: m_RootOrder
      value: 4
      objectReference: {fileID: 0}
    - target: {fileID: 6517711687842924098, guid: 1edc9e7b9314a90499ee6feb554f951f,
        type: 3}
      propertyPath: m_Name
      value: QuestsPopup
      objectReference: {fileID: 0}
    - target: {fileID: 6517711687842924109, guid: 1edc9e7b9314a90499ee6feb554f951f,
        type: 3}
      propertyPath: m_LocalPosition.x
      value: 0
      objectReference: {fileID: 0}
    - target: {fileID: 6517711687842924109, guid: 1edc9e7b9314a90499ee6feb554f951f,
        type: 3}
      propertyPath: m_LocalPosition.y
      value: 0
      objectReference: {fileID: 0}
    - target: {fileID: 6517711687842924109, guid: 1edc9e7b9314a90499ee6feb554f951f,
        type: 3}
      propertyPath: m_LocalPosition.z
      value: 0
      objectReference: {fileID: 0}
    - target: {fileID: 6517711687842924109, guid: 1edc9e7b9314a90499ee6feb554f951f,
        type: 3}
      propertyPath: m_LocalRotation.x
      value: 0
      objectReference: {fileID: 0}
    - target: {fileID: 6517711687842924109, guid: 1edc9e7b9314a90499ee6feb554f951f,
        type: 3}
      propertyPath: m_LocalRotation.y
      value: 0
      objectReference: {fileID: 0}
    - target: {fileID: 6517711687842924109, guid: 1edc9e7b9314a90499ee6feb554f951f,
        type: 3}
      propertyPath: m_LocalRotation.z
      value: 0
      objectReference: {fileID: 0}
    - target: {fileID: 6517711687842924109, guid: 1edc9e7b9314a90499ee6feb554f951f,
        type: 3}
      propertyPath: m_LocalRotation.w
      value: 1
      objectReference: {fileID: 0}
    - target: {fileID: 6517711687842924109, guid: 1edc9e7b9314a90499ee6feb554f951f,
        type: 3}
      propertyPath: m_RootOrder
      value: 0
      objectReference: {fileID: 0}
    - target: {fileID: 6517711687842924109, guid: 1edc9e7b9314a90499ee6feb554f951f,
        type: 3}
      propertyPath: m_LocalEulerAnglesHint.x
      value: 0
      objectReference: {fileID: 0}
    - target: {fileID: 6517711687842924109, guid: 1edc9e7b9314a90499ee6feb554f951f,
        type: 3}
      propertyPath: m_LocalEulerAnglesHint.y
      value: 0
      objectReference: {fileID: 0}
    - target: {fileID: 6517711687842924109, guid: 1edc9e7b9314a90499ee6feb554f951f,
        type: 3}
      propertyPath: m_LocalEulerAnglesHint.z
      value: 0
      objectReference: {fileID: 0}
    - target: {fileID: 6517711687842924109, guid: 1edc9e7b9314a90499ee6feb554f951f,
        type: 3}
      propertyPath: m_AnchoredPosition.x
      value: 0
      objectReference: {fileID: 0}
    - target: {fileID: 6517711687842924109, guid: 1edc9e7b9314a90499ee6feb554f951f,
        type: 3}
      propertyPath: m_SizeDelta.x
      value: 815
      objectReference: {fileID: 0}
    - target: {fileID: 6517711687842924109, guid: 1edc9e7b9314a90499ee6feb554f951f,
        type: 3}
      propertyPath: m_SizeDelta.y
      value: 800
      objectReference: {fileID: 0}
    - target: {fileID: 6517711687842924109, guid: 1edc9e7b9314a90499ee6feb554f951f,
        type: 3}
      propertyPath: m_AnchorMin.x
      value: 0.5
      objectReference: {fileID: 0}
    - target: {fileID: 6517711687842924109, guid: 1edc9e7b9314a90499ee6feb554f951f,
        type: 3}
      propertyPath: m_AnchorMin.y
      value: 1
      objectReference: {fileID: 0}
    - target: {fileID: 6517711687842924109, guid: 1edc9e7b9314a90499ee6feb554f951f,
        type: 3}
      propertyPath: m_AnchorMax.x
      value: 0.5
      objectReference: {fileID: 0}
    - target: {fileID: 6517711687842924109, guid: 1edc9e7b9314a90499ee6feb554f951f,
        type: 3}
      propertyPath: m_AnchorMax.y
      value: 1
      objectReference: {fileID: 0}
    - target: {fileID: 6517711687842924109, guid: 1edc9e7b9314a90499ee6feb554f951f,
        type: 3}
      propertyPath: m_Pivot.x
      value: 0.5
      objectReference: {fileID: 0}
    - target: {fileID: 6517711687842924109, guid: 1edc9e7b9314a90499ee6feb554f951f,
        type: 3}
      propertyPath: m_Pivot.y
      value: 1
      objectReference: {fileID: 0}
    m_RemovedComponents: []
  m_SourcePrefab: {fileID: 100100000, guid: 1edc9e7b9314a90499ee6feb554f951f, type: 3}
--- !u!1 &8283544105721231192 stripped
GameObject:
  m_CorrespondingSourceObject: {fileID: 6517711687842924098, guid: 1edc9e7b9314a90499ee6feb554f951f,
    type: 3}
  m_PrefabInstance: {fileID: 2920196534354145562}
  m_PrefabAsset: {fileID: 0}
--- !u!224 &8283544105721231191 stripped
RectTransform:
  m_CorrespondingSourceObject: {fileID: 6517711687842924109, guid: 1edc9e7b9314a90499ee6feb554f951f,
    type: 3}
  m_PrefabInstance: {fileID: 2920196534354145562}
  m_PrefabAsset: {fileID: 0}
--- !u!114 &8267466770716837506 stripped
MonoBehaviour:
  m_CorrespondingSourceObject: {fileID: 6502474929478121368, guid: 1edc9e7b9314a90499ee6feb554f951f,
    type: 3}
  m_PrefabInstance: {fileID: 2920196534354145562}
  m_PrefabAsset: {fileID: 0}
  m_GameObject: {fileID: 0}
  m_Enabled: 1
  m_EditorHideFlags: 0
  m_Script: {fileID: 11500000, guid: 5f7201a12d95ffc409449d95f23cf332, type: 3}
  m_Name: 
  m_EditorClassIdentifier: 
--- !u!1001 &4415344539972936818
PrefabInstance:
  m_ObjectHideFlags: 0
  serializedVersion: 2
  m_Modification:
    m_TransformParent: {fileID: 8283544105721231191}
    m_Modifications:
    - target: {fileID: 1648160367884816, guid: df0b646a732c7d1429c5cda63ebaff88, type: 3}
      propertyPath: m_Name
      value: CloseButton
      objectReference: {fileID: 0}
    - target: {fileID: 224857085562569918, guid: df0b646a732c7d1429c5cda63ebaff88,
        type: 3}
      propertyPath: m_LocalPosition.x
      value: 0
      objectReference: {fileID: 0}
    - target: {fileID: 224857085562569918, guid: df0b646a732c7d1429c5cda63ebaff88,
        type: 3}
      propertyPath: m_LocalPosition.y
      value: 0
      objectReference: {fileID: 0}
    - target: {fileID: 224857085562569918, guid: df0b646a732c7d1429c5cda63ebaff88,
        type: 3}
      propertyPath: m_LocalPosition.z
      value: 0
      objectReference: {fileID: 0}
    - target: {fileID: 224857085562569918, guid: df0b646a732c7d1429c5cda63ebaff88,
        type: 3}
      propertyPath: m_LocalRotation.x
      value: -0
      objectReference: {fileID: 0}
    - target: {fileID: 224857085562569918, guid: df0b646a732c7d1429c5cda63ebaff88,
        type: 3}
      propertyPath: m_LocalRotation.y
      value: -0
      objectReference: {fileID: 0}
    - target: {fileID: 224857085562569918, guid: df0b646a732c7d1429c5cda63ebaff88,
        type: 3}
      propertyPath: m_LocalRotation.z
      value: -0
      objectReference: {fileID: 0}
    - target: {fileID: 224857085562569918, guid: df0b646a732c7d1429c5cda63ebaff88,
        type: 3}
      propertyPath: m_LocalRotation.w
      value: 1
      objectReference: {fileID: 0}
    - target: {fileID: 224857085562569918, guid: df0b646a732c7d1429c5cda63ebaff88,
        type: 3}
      propertyPath: m_RootOrder
      value: 3
      objectReference: {fileID: 0}
    - target: {fileID: 224857085562569918, guid: df0b646a732c7d1429c5cda63ebaff88,
        type: 3}
      propertyPath: m_LocalEulerAnglesHint.x
      value: 0
      objectReference: {fileID: 0}
    - target: {fileID: 224857085562569918, guid: df0b646a732c7d1429c5cda63ebaff88,
        type: 3}
      propertyPath: m_LocalEulerAnglesHint.y
      value: 0
      objectReference: {fileID: 0}
    - target: {fileID: 224857085562569918, guid: df0b646a732c7d1429c5cda63ebaff88,
        type: 3}
      propertyPath: m_LocalEulerAnglesHint.z
      value: 0
      objectReference: {fileID: 0}
    - target: {fileID: 224857085562569918, guid: df0b646a732c7d1429c5cda63ebaff88,
        type: 3}
      propertyPath: m_AnchoredPosition.x
      value: -47
      objectReference: {fileID: 0}
    - target: {fileID: 224857085562569918, guid: df0b646a732c7d1429c5cda63ebaff88,
        type: 3}
      propertyPath: m_AnchoredPosition.y
      value: 70
      objectReference: {fileID: 0}
    - target: {fileID: 224857085562569918, guid: df0b646a732c7d1429c5cda63ebaff88,
        type: 3}
      propertyPath: m_SizeDelta.x
      value: 100
      objectReference: {fileID: 0}
    - target: {fileID: 224857085562569918, guid: df0b646a732c7d1429c5cda63ebaff88,
        type: 3}
      propertyPath: m_SizeDelta.y
      value: 100
      objectReference: {fileID: 0}
    - target: {fileID: 224857085562569918, guid: df0b646a732c7d1429c5cda63ebaff88,
        type: 3}
      propertyPath: m_AnchorMin.x
      value: 1
      objectReference: {fileID: 0}
    - target: {fileID: 224857085562569918, guid: df0b646a732c7d1429c5cda63ebaff88,
        type: 3}
      propertyPath: m_AnchorMin.y
      value: 1
      objectReference: {fileID: 0}
    - target: {fileID: 224857085562569918, guid: df0b646a732c7d1429c5cda63ebaff88,
        type: 3}
      propertyPath: m_AnchorMax.x
      value: 1
      objectReference: {fileID: 0}
    - target: {fileID: 224857085562569918, guid: df0b646a732c7d1429c5cda63ebaff88,
        type: 3}
      propertyPath: m_AnchorMax.y
      value: 1
      objectReference: {fileID: 0}
    - target: {fileID: 224857085562569918, guid: df0b646a732c7d1429c5cda63ebaff88,
        type: 3}
      propertyPath: m_Pivot.x
      value: 0.5
      objectReference: {fileID: 0}
    - target: {fileID: 224857085562569918, guid: df0b646a732c7d1429c5cda63ebaff88,
        type: 3}
      propertyPath: m_Pivot.y
      value: 0.5
      objectReference: {fileID: 0}
    m_RemovedComponents: []
  m_SourcePrefab: {fileID: 100100000, guid: df0b646a732c7d1429c5cda63ebaff88, type: 3}
--- !u!1 &4414563963443781218 stripped
GameObject:
  m_CorrespondingSourceObject: {fileID: 1648160367884816, guid: df0b646a732c7d1429c5cda63ebaff88,
    type: 3}
  m_PrefabInstance: {fileID: 4415344539972936818}
  m_PrefabAsset: {fileID: 0}
