%YAML 1.1
%TAG !u! tag:unity3d.com,2011:
--- !u!1 &153187340595997200
GameObject:
  m_ObjectHideFlags: 0
  m_CorrespondingSourceObject: {fileID: 0}
  m_PrefabInstance: {fileID: 0}
  m_PrefabAsset: {fileID: 0}
  serializedVersion: 6
  m_Component:
  - component: {fileID: 3212980832094414996}
  m_Layer: 0
  m_Name: WingR1
  m_TagString: Untagged
  m_Icon: {fileID: 0}
  m_NavMeshLayer: 0
  m_StaticEditorFlags: 0
  m_IsActive: 1
--- !u!4 &3212980832094414996
Transform:
  m_ObjectHideFlags: 0
  m_CorrespondingSourceObject: {fileID: 0}
  m_PrefabInstance: {fileID: 0}
  m_PrefabAsset: {fileID: 0}
  m_GameObject: {fileID: 153187340595997200}
  m_LocalRotation: {x: 0.09390091, y: 0.061269008, z: 0.016957859, w: 0.9935498}
  m_LocalPosition: {x: -0.024601359, y: 7.181755e-18, z: 6.1062266e-18}
  m_LocalScale: {x: 1, y: 1, z: 1}
  m_Children:
  - {fileID: 6323445629310325487}
  m_Father: {fileID: 2289506050129905032}
  m_RootOrder: 0
  m_LocalEulerAnglesHint: {x: 0, y: 0, z: 0}
--- !u!1 &300510142375612263
GameObject:
  m_ObjectHideFlags: 0
  m_CorrespondingSourceObject: {fileID: 0}
  m_PrefabInstance: {fileID: 0}
  m_PrefabAsset: {fileID: 0}
  serializedVersion: 6
  m_Component:
  - component: {fileID: 98043053879397181}
  m_Layer: 0
  m_Name: FeetR1
  m_TagString: Untagged
  m_Icon: {fileID: 0}
  m_NavMeshLayer: 0
  m_StaticEditorFlags: 0
  m_IsActive: 1
--- !u!4 &98043053879397181
Transform:
  m_ObjectHideFlags: 0
  m_CorrespondingSourceObject: {fileID: 0}
  m_PrefabInstance: {fileID: 0}
  m_PrefabAsset: {fileID: 0}
  m_GameObject: {fileID: 300510142375612263}
  m_LocalRotation: {x: 0.09132374, y: 0.06700456, z: -0.5283651, w: 0.84142786}
  m_LocalPosition: {x: 0.015677992, y: 0.000000008844202, z: -0.000000008048825}
  m_LocalScale: {x: 1, y: 1, z: 1}
  m_Children:
  - {fileID: 2946390285345107096}
  m_Father: {fileID: 8256651206132051288}
  m_RootOrder: 0
  m_LocalEulerAnglesHint: {x: 0, y: 0, z: 0}
--- !u!1 &311464776967500920
GameObject:
  m_ObjectHideFlags: 0
  m_CorrespondingSourceObject: {fileID: 0}
  m_PrefabInstance: {fileID: 0}
  m_PrefabAsset: {fileID: 0}
  serializedVersion: 6
  m_Component:
  - component: {fileID: 2800994797578867513}
  m_Layer: 0
  m_Name: Tail2
  m_TagString: Untagged
  m_Icon: {fileID: 0}
  m_NavMeshLayer: 0
  m_StaticEditorFlags: 0
  m_IsActive: 1
--- !u!4 &2800994797578867513
Transform:
  m_ObjectHideFlags: 0
  m_CorrespondingSourceObject: {fileID: 0}
  m_PrefabInstance: {fileID: 0}
  m_PrefabAsset: {fileID: 0}
  m_GameObject: {fileID: 311464776967500920}
  m_LocalRotation: {x: 0, y: 0, z: -0.44473034, w: 0.8956645}
  m_LocalPosition: {x: -0.038758047, y: -8.674957e-18, z: -4.3030076e-18}
  m_LocalScale: {x: 1, y: 1, z: 1}
  m_Children:
  - {fileID: 3068822347873076698}
  m_Father: {fileID: 3989588240766500848}
  m_RootOrder: 0
  m_LocalEulerAnglesHint: {x: 0, y: 0, z: 0}
--- !u!1 &367815322089145187
GameObject:
  m_ObjectHideFlags: 0
  m_CorrespondingSourceObject: {fileID: 0}
  m_PrefabInstance: {fileID: 0}
  m_PrefabAsset: {fileID: 0}
  serializedVersion: 6
  m_Component:
  - component: {fileID: 8084607476665750366}
  m_Layer: 0
  m_Name: Cutebird_Root
  m_TagString: Untagged
  m_Icon: {fileID: 0}
  m_NavMeshLayer: 0
  m_StaticEditorFlags: 0
  m_IsActive: 1
--- !u!4 &8084607476665750366
Transform:
  m_ObjectHideFlags: 0
  m_CorrespondingSourceObject: {fileID: 0}
  m_PrefabInstance: {fileID: 0}
  m_PrefabAsset: {fileID: 0}
  m_GameObject: {fileID: 367815322089145187}
  m_LocalRotation: {x: -0, y: -0, z: -0, w: 1}
  m_LocalPosition: {x: 0, y: 0, z: 0}
  m_LocalScale: {x: 1.3224, y: 1.3224, z: 1.3224}
  m_Children:
  - {fileID: 8620535087301794996}
  m_Father: {fileID: 1021007616577889172}
  m_RootOrder: 2
  m_LocalEulerAnglesHint: {x: 0, y: 0, z: 0}
--- !u!1 &574706270873395901
GameObject:
  m_ObjectHideFlags: 0
  m_CorrespondingSourceObject: {fileID: 0}
  m_PrefabInstance: {fileID: 0}
  m_PrefabAsset: {fileID: 0}
  serializedVersion: 6
  m_Component:
  - component: {fileID: 3068822347873076698}
  m_Layer: 0
  m_Name: Tail3
  m_TagString: Untagged
  m_Icon: {fileID: 0}
  m_NavMeshLayer: 0
  m_StaticEditorFlags: 0
  m_IsActive: 1
--- !u!4 &3068822347873076698
Transform:
  m_ObjectHideFlags: 0
  m_CorrespondingSourceObject: {fileID: 0}
  m_PrefabInstance: {fileID: 0}
  m_PrefabAsset: {fileID: 0}
  m_GameObject: {fileID: 574706270873395901}
  m_LocalRotation: {x: -0.19493698, y: 0.6797055, z: 0.19493698, w: 0.6797055}
  m_LocalPosition: {x: -0.034179676, y: -1.5137624e-17, z: -5.343039e-18}
  m_LocalScale: {x: 1, y: 1, z: 1}
  m_Children: []
  m_Father: {fileID: 2800994797578867513}
  m_RootOrder: 0
  m_LocalEulerAnglesHint: {x: 0, y: 0, z: 0}
--- !u!1 &633431428853595931
GameObject:
  m_ObjectHideFlags: 0
  m_CorrespondingSourceObject: {fileID: 0}
  m_PrefabInstance: {fileID: 0}
  m_PrefabAsset: {fileID: 0}
  serializedVersion: 6
  m_Component:
  - component: {fileID: 3739537059023737390}
  m_Layer: 0
  m_Name: FeetL2
  m_TagString: Untagged
  m_Icon: {fileID: 0}
  m_NavMeshLayer: 0
  m_StaticEditorFlags: 0
  m_IsActive: 1
--- !u!4 &3739537059023737390
Transform:
  m_ObjectHideFlags: 0
  m_CorrespondingSourceObject: {fileID: 0}
  m_PrefabInstance: {fileID: 0}
  m_PrefabAsset: {fileID: 0}
  m_GameObject: {fileID: 633431428853595931}
  m_LocalRotation: {x: -3.562964e-32, y: 2.0817377e-30, z: -4.440892e-16, w: 1}
  m_LocalPosition: {x: 4.440892e-18, y: -2.544991e-16, z: 0.05535145}
  m_LocalScale: {x: 1, y: 1, z: 1}
  m_Children: []
  m_Father: {fileID: 6320196770997316746}
  m_RootOrder: 0
  m_LocalEulerAnglesHint: {x: 0, y: 0, z: 0}
--- !u!1 &1013616028869070661
GameObject:
  m_ObjectHideFlags: 0
  m_CorrespondingSourceObject: {fileID: 0}
  m_PrefabInstance: {fileID: 0}
  m_PrefabAsset: {fileID: 0}
  serializedVersion: 6
  m_Component:
  - component: {fileID: 3989588240766500848}
  m_Layer: 0
  m_Name: Tail
  m_TagString: Untagged
  m_Icon: {fileID: 0}
  m_NavMeshLayer: 0
  m_StaticEditorFlags: 0
  m_IsActive: 1
--- !u!4 &3989588240766500848
Transform:
  m_ObjectHideFlags: 0
  m_CorrespondingSourceObject: {fileID: 0}
  m_PrefabInstance: {fileID: 0}
  m_PrefabAsset: {fileID: 0}
  m_GameObject: {fileID: 1013616028869070661}
  m_LocalRotation: {x: -0.40149167, y: 0.5820691, z: -0.5820691, w: -0.40149167}
  m_LocalPosition: {x: -0.039721746, y: 6.5048354e-18, z: -0.06287541}
  m_LocalScale: {x: 1, y: 1, z: 1}
  m_Children:
  - {fileID: 2800994797578867513}
  m_Father: {fileID: 8620535087301794996}
  m_RootOrder: 3
  m_LocalEulerAnglesHint: {x: 0, y: 0, z: 0}
--- !u!1 &1070872724832858074
GameObject:
  m_ObjectHideFlags: 0
  m_CorrespondingSourceObject: {fileID: 0}
  m_PrefabInstance: {fileID: 0}
  m_PrefabAsset: {fileID: 0}
  serializedVersion: 6
  m_Component:
  - component: {fileID: 2946390285345107096}
  m_Layer: 0
  m_Name: FeetR3
  m_TagString: Untagged
  m_Icon: {fileID: 0}
  m_NavMeshLayer: 0
  m_StaticEditorFlags: 0
  m_IsActive: 1
--- !u!4 &2946390285345107096
Transform:
  m_ObjectHideFlags: 0
  m_CorrespondingSourceObject: {fileID: 0}
  m_PrefabInstance: {fileID: 0}
  m_PrefabAsset: {fileID: 0}
  m_GameObject: {fileID: 1070872724832858074}
  m_LocalRotation: {x: -0.13254589, y: -0.69457173, z: -0.13254768, w: 0.6945738}
  m_LocalPosition: {x: -0.016181702, y: 0.020371053, z: 2.6645352e-17}
  m_LocalScale: {x: 1, y: 1, z: 1}
  m_Children:
  - {fileID: 747549408140588294}
  m_Father: {fileID: 98043053879397181}
  m_RootOrder: 0
  m_LocalEulerAnglesHint: {x: 0, y: 0, z: 0}
--- !u!1 &1586015496689949246
GameObject:
  m_ObjectHideFlags: 0
  m_CorrespondingSourceObject: {fileID: 0}
  m_PrefabInstance: {fileID: 0}
  m_PrefabAsset: {fileID: 0}
  serializedVersion: 6
  m_Component:
  - component: {fileID: 320571501221563993}
  m_Layer: 0
  m_Name: Spine
  m_TagString: Untagged
  m_Icon: {fileID: 0}
  m_NavMeshLayer: 0
  m_StaticEditorFlags: 0
  m_IsActive: 1
--- !u!4 &320571501221563993
Transform:
  m_ObjectHideFlags: 0
  m_CorrespondingSourceObject: {fileID: 0}
  m_PrefabInstance: {fileID: 0}
  m_PrefabAsset: {fileID: 0}
  m_GameObject: {fileID: 1586015496689949246}
  m_LocalRotation: {x: -0.5980737, y: 0.3772371, z: 0.3772371, w: 0.5980737}
  m_LocalPosition: {x: -0.061254486, y: 0, z: 0}
  m_LocalScale: {x: 1, y: 1, z: 1}
  m_Children:
  - {fileID: 6332341147787066394}
  - {fileID: 7199107348636784676}
  - {fileID: 9218520220519105517}
  - {fileID: 4609010623794102726}
  - {fileID: 2289506050129905032}
  m_Father: {fileID: 8620535087301794996}
  m_RootOrder: 2
  m_LocalEulerAnglesHint: {x: 0, y: 0, z: 0}
--- !u!1 &3100911131725348736
GameObject:
  m_ObjectHideFlags: 0
  m_CorrespondingSourceObject: {fileID: 0}
  m_PrefabInstance: {fileID: 0}
  m_PrefabAsset: {fileID: 0}
  serializedVersion: 6
  m_Component:
  - component: {fileID: 4609010623794102726}
  m_Layer: 0
  m_Name: WingL
  m_TagString: Untagged
  m_Icon: {fileID: 0}
  m_NavMeshLayer: 0
  m_StaticEditorFlags: 0
  m_IsActive: 1
--- !u!4 &4609010623794102726
Transform:
  m_ObjectHideFlags: 0
  m_CorrespondingSourceObject: {fileID: 0}
  m_PrefabInstance: {fileID: 0}
  m_PrefabAsset: {fileID: 0}
  m_GameObject: {fileID: 3100911131725348736}
  m_LocalRotation: {x: 0.22773826, y: 0.9586218, z: -0.11548142, w: -0.12587127}
  m_LocalPosition: {x: -0.021702651, y: 0.024813212, z: -0.10637581}
  m_LocalScale: {x: 1, y: 1, z: 1}
  m_Children:
  - {fileID: 2954205729345873757}
  m_Father: {fileID: 320571501221563993}
  m_RootOrder: 3
  m_LocalEulerAnglesHint: {x: 0, y: 0, z: 0}
--- !u!1 &3142377992436526313
GameObject:
  m_ObjectHideFlags: 0
  m_CorrespondingSourceObject: {fileID: 0}
  m_PrefabInstance: {fileID: 0}
  m_PrefabAsset: {fileID: 0}
  serializedVersion: 6
  m_Component:
  - component: {fileID: 8620535087301794996}
  m_Layer: 0
  m_Name: Center
  m_TagString: Untagged
  m_Icon: {fileID: 0}
  m_NavMeshLayer: 0
  m_StaticEditorFlags: 0
  m_IsActive: 1
--- !u!4 &8620535087301794996
Transform:
  m_ObjectHideFlags: 0
  m_CorrespondingSourceObject: {fileID: 0}
  m_PrefabInstance: {fileID: 0}
  m_PrefabAsset: {fileID: 0}
  m_GameObject: {fileID: 3142377992436526313}
  m_LocalRotation: {x: 0, y: 0, z: -0.7071068, w: 0.7071068}
  m_LocalPosition: {x: -0, y: 0.03182, z: 0.00019819227}
  m_LocalScale: {x: 1, y: 1, z: 1}
  m_Children:
  - {fileID: 8786743553472328835}
  - {fileID: 8256651206132051288}
  - {fileID: 320571501221563993}
  - {fileID: 3989588240766500848}
  m_Father: {fileID: 8084607476665750366}
  m_RootOrder: 0
  m_LocalEulerAnglesHint: {x: 0, y: 0, z: 0}
--- !u!1 &3196208562252879473
GameObject:
  m_ObjectHideFlags: 0
  m_CorrespondingSourceObject: {fileID: 0}
  m_PrefabInstance: {fileID: 0}
  m_PrefabAsset: {fileID: 0}
  serializedVersion: 6
  m_Component:
  - component: {fileID: 6323445629310325487}
  m_Layer: 0
  m_Name: WingR2
  m_TagString: Untagged
  m_Icon: {fileID: 0}
  m_NavMeshLayer: 0
  m_StaticEditorFlags: 0
  m_IsActive: 1
--- !u!4 &6323445629310325487
Transform:
  m_ObjectHideFlags: 0
  m_CorrespondingSourceObject: {fileID: 0}
  m_PrefabInstance: {fileID: 0}
  m_PrefabAsset: {fileID: 0}
  m_GameObject: {fileID: 3196208562252879473}
  m_LocalRotation: {x: -0.5811174, y: 0.3211511, z: 0.65447855, w: 0.36169374}
  m_LocalPosition: {x: -0.029097622, y: -2.6645352e-17, z: 1.2212453e-17}
  m_LocalScale: {x: 1, y: 1, z: 1}
  m_Children: []
  m_Father: {fileID: 3212980832094414996}
  m_RootOrder: 0
  m_LocalEulerAnglesHint: {x: 0, y: 0, z: 0}
--- !u!1 &3468193407693145279
GameObject:
  m_ObjectHideFlags: 0
  m_CorrespondingSourceObject: {fileID: 0}
  m_PrefabInstance: {fileID: 0}
  m_PrefabAsset: {fileID: 0}
  serializedVersion: 6
  m_Component:
  - component: {fileID: 8256651206132051288}
  m_Layer: 0
  m_Name: LegR
  m_TagString: Untagged
  m_Icon: {fileID: 0}
  m_NavMeshLayer: 0
  m_StaticEditorFlags: 0
  m_IsActive: 1
--- !u!4 &8256651206132051288
Transform:
  m_ObjectHideFlags: 0
  m_CorrespondingSourceObject: {fileID: 0}
  m_PrefabInstance: {fileID: 0}
  m_PrefabAsset: {fileID: 0}
  m_GameObject: {fileID: 3468193407693145279}
  m_LocalRotation: {x: -0.7821389, y: -0.028275393, z: -0.022488177, w: 0.622056}
  m_LocalPosition: {x: 0.0032032174, y: 0.0326614, z: 0.005574717}
  m_LocalScale: {x: 1, y: 1, z: 1}
  m_Children:
  - {fileID: 98043053879397181}
  m_Father: {fileID: 8620535087301794996}
  m_RootOrder: 1
  m_LocalEulerAnglesHint: {x: 0, y: 0, z: 0}
--- !u!1 &3579261321835215565
GameObject:
  m_ObjectHideFlags: 0
  m_CorrespondingSourceObject: {fileID: 0}
  m_PrefabInstance: {fileID: 0}
  m_PrefabAsset: {fileID: 0}
  serializedVersion: 6
  m_Component:
  - component: {fileID: 9218520220519105517}
  m_Layer: 0
  m_Name: Mouth_T
  m_TagString: Untagged
  m_Icon: {fileID: 0}
  m_NavMeshLayer: 0
  m_StaticEditorFlags: 0
  m_IsActive: 1
--- !u!4 &9218520220519105517
Transform:
  m_ObjectHideFlags: 0
  m_CorrespondingSourceObject: {fileID: 0}
  m_PrefabInstance: {fileID: 0}
  m_PrefabAsset: {fileID: 0}
  m_GameObject: {fileID: 3579261321835215565}
  m_LocalRotation: {x: 0.17806739, y: -0.68431866, z: 0.17806739, w: 0.68431866}
  m_LocalPosition: {x: -0.104137644, y: -5.7808005e-18, z: 1.683952e-17}
  m_LocalScale: {x: 1, y: 1, z: 1}
  m_Children: []
  m_Father: {fileID: 320571501221563993}
  m_RootOrder: 2
  m_LocalEulerAnglesHint: {x: 0, y: 0, z: 0}
--- !u!1 &3584805075474761783
GameObject:
  m_ObjectHideFlags: 0
  m_CorrespondingSourceObject: {fileID: 0}
  m_PrefabInstance: {fileID: 0}
  m_PrefabAsset: {fileID: 0}
  serializedVersion: 6
  m_Component:
  - component: {fileID: 2289506050129905032}
  m_Layer: 0
  m_Name: WingR
  m_TagString: Untagged
  m_Icon: {fileID: 0}
  m_NavMeshLayer: 0
  m_StaticEditorFlags: 0
  m_IsActive: 1
--- !u!4 &2289506050129905032
Transform:
  m_ObjectHideFlags: 0
  m_CorrespondingSourceObject: {fileID: 0}
  m_PrefabInstance: {fileID: 0}
  m_PrefabAsset: {fileID: 0}
  m_GameObject: {fileID: 3584805075474761783}
  m_LocalRotation: {x: 0.22773275, y: 0.95862323, z: 0.11548031, w: 0.12587151}
  m_LocalPosition: {x: -0.021702599, y: 0.024813129, z: 0.106376}
  m_LocalScale: {x: 1, y: 1, z: 1}
  m_Children:
  - {fileID: 3212980832094414996}
  m_Father: {fileID: 320571501221563993}
  m_RootOrder: 4
  m_LocalEulerAnglesHint: {x: 0, y: 0, z: 0}
--- !u!1 &4064451833992485053
GameObject:
  m_ObjectHideFlags: 0
  m_CorrespondingSourceObject: {fileID: 0}
  m_PrefabInstance: {fileID: 0}
  m_PrefabAsset: {fileID: 0}
  serializedVersion: 6
  m_Component:
  - component: {fileID: 7199107348636784676}
  m_Layer: 0
  m_Name: Mouth_D
  m_TagString: Untagged
  m_Icon: {fileID: 0}
  m_NavMeshLayer: 0
  m_StaticEditorFlags: 0
  m_IsActive: 1
--- !u!4 &7199107348636784676
Transform:
  m_ObjectHideFlags: 0
  m_CorrespondingSourceObject: {fileID: 0}
  m_PrefabInstance: {fileID: 0}
  m_PrefabAsset: {fileID: 0}
  m_GameObject: {fileID: 4064451833992485053}
  m_LocalRotation: {x: 0.17806739, y: -0.68431866, z: 0.17806739, w: 0.68431866}
  m_LocalPosition: {x: -0.101579994, y: -0.00319, z: 1.3020695e-17}
  m_LocalScale: {x: 1, y: 1, z: 1}
  m_Children: []
  m_Father: {fileID: 320571501221563993}
  m_RootOrder: 1
  m_LocalEulerAnglesHint: {x: 0, y: 0, z: 0}
--- !u!1 &5083092314976781697
GameObject:
  m_ObjectHideFlags: 0
  m_CorrespondingSourceObject: {fileID: 0}
  m_PrefabInstance: {fileID: 0}
  m_PrefabAsset: {fileID: 0}
  serializedVersion: 6
  m_Component:
  - component: {fileID: 7884979012102388359}
  - component: {fileID: 392854702975662055}
  m_Layer: 0
  m_Name: CuteBird_body
  m_TagString: Untagged
  m_Icon: {fileID: 0}
  m_NavMeshLayer: 0
  m_StaticEditorFlags: 0
  m_IsActive: 1
--- !u!4 &7884979012102388359
Transform:
  m_ObjectHideFlags: 0
  m_CorrespondingSourceObject: {fileID: 0}
  m_PrefabInstance: {fileID: 0}
  m_PrefabAsset: {fileID: 0}
  m_GameObject: {fileID: 5083092314976781697}
  m_LocalRotation: {x: -0, y: -0, z: -0, w: 1}
  m_LocalPosition: {x: -1.32, y: 0, z: -3.38}
  m_LocalScale: {x: 1.3224, y: 1.3224, z: 1.3224}
  m_Children: []
  m_Father: {fileID: 1021007616577889172}
  m_RootOrder: 0
  m_LocalEulerAnglesHint: {x: 0, y: 0, z: 0}
--- !u!137 &392854702975662055
SkinnedMeshRenderer:
  m_ObjectHideFlags: 0
  m_CorrespondingSourceObject: {fileID: 0}
  m_PrefabInstance: {fileID: 0}
  m_PrefabAsset: {fileID: 0}
  m_GameObject: {fileID: 5083092314976781697}
  m_Enabled: 1
  m_CastShadows: 1
  m_ReceiveShadows: 1
  m_DynamicOccludee: 1
  m_MotionVectors: 1
  m_LightProbeUsage: 1
  m_ReflectionProbeUsage: 1
  m_RayTracingMode: 0
  m_RenderingLayerMask: 4294967295
  m_RendererPriority: 0
  m_Materials:
  - {fileID: 2100000, guid: 577eaae94823dcd4e81a60a27ec1a463, type: 2}
  m_StaticBatchInfo:
    firstSubMesh: 0
    subMeshCount: 0
  m_StaticBatchRoot: {fileID: 0}
  m_ProbeAnchor: {fileID: 0}
  m_LightProbeVolumeOverride: {fileID: 0}
  m_ScaleInLightmap: 1
  m_ReceiveGI: 1
  m_PreserveUVs: 0
  m_IgnoreNormalsForChartDetection: 0
  m_ImportantGI: 0
  m_StitchLightmapSeams: 0
  m_SelectedEditorRenderState: 3
  m_MinimumChartSize: 4
  m_AutoUVMaxDistance: 0.5
  m_AutoUVMaxAngle: 89
  m_LightmapParameters: {fileID: 0}
  m_SortingLayerID: 0
  m_SortingLayer: 0
  m_SortingOrder: 0
  serializedVersion: 2
  m_Quality: 0
  m_UpdateWhenOffscreen: 0
  m_SkinnedMotionVectors: 1
  m_Mesh: {fileID: 4300002, guid: 36aa615dee2458745a7f6c386f3388cb, type: 3}
  m_Bones:
  - {fileID: 8620535087301794996}
  - {fileID: 320571501221563993}
  - {fileID: 9218520220519105517}
  - {fileID: 7199107348636784676}
  - {fileID: 6332341147787066394}
  - {fileID: 7828232730576279187}
  - {fileID: 2331457993830431591}
  - {fileID: 2289506050129905032}
  - {fileID: 3212980832094414996}
  - {fileID: 6323445629310325487}
  - {fileID: 4609010623794102726}
  - {fileID: 2954205729345873757}
  - {fileID: 941635445347859906}
  - {fileID: 3989588240766500848}
  - {fileID: 2800994797578867513}
  - {fileID: 3068822347873076698}
  - {fileID: 8786743553472328835}
  - {fileID: 2277851571014462835}
  - {fileID: 6320196770997316746}
  - {fileID: 3739537059023737390}
  - {fileID: 8256651206132051288}
  - {fileID: 98043053879397181}
  - {fileID: 2946390285345107096}
  - {fileID: 747549408140588294}
  m_BlendShapeWeights: []
  m_RootBone: {fileID: 8620535087301794996}
  m_AABB:
    m_Center: {x: -0.098552115, y: 0.000000029802322, z: -0.018262058}
    m_Extent: {x: 0.17598161, y: 0.15431671, z: 0.16821015}
  m_DirtyAABB: 0
--- !u!1 &5469808703684279243
GameObject:
  m_ObjectHideFlags: 0
  m_CorrespondingSourceObject: {fileID: 0}
  m_PrefabInstance: {fileID: 0}
  m_PrefabAsset: {fileID: 0}
  serializedVersion: 6
  m_Component:
  - component: {fileID: 2954205729345873757}
  m_Layer: 0
  m_Name: WingL1
  m_TagString: Untagged
  m_Icon: {fileID: 0}
  m_NavMeshLayer: 0
  m_StaticEditorFlags: 0
  m_IsActive: 1
--- !u!4 &2954205729345873757
Transform:
  m_ObjectHideFlags: 0
  m_CorrespondingSourceObject: {fileID: 0}
  m_PrefabInstance: {fileID: 0}
  m_PrefabAsset: {fileID: 0}
  m_GameObject: {fileID: 5469808703684279243}
  m_LocalRotation: {x: -0.09389827, y: -0.061267007, z: 0.016948426, w: 0.9935503}
  m_LocalPosition: {x: -0.024601787, y: 2.5188184e-17, z: 1.9984014e-17}
  m_LocalScale: {x: 1, y: 1, z: 1}
  m_Children:
  - {fileID: 941635445347859906}
  m_Father: {fileID: 4609010623794102726}
  m_RootOrder: 0
  m_LocalEulerAnglesHint: {x: 0, y: 0, z: 0}
--- !u!1 &6469236489678915737
GameObject:
  m_ObjectHideFlags: 0
  m_CorrespondingSourceObject: {fileID: 0}
  m_PrefabInstance: {fileID: 0}
  m_PrefabAsset: {fileID: 0}
  serializedVersion: 6
  m_Component:
  - component: {fileID: 2331457993830431591}
  m_Layer: 0
  m_Name: Head_Fur2
  m_TagString: Untagged
  m_Icon: {fileID: 0}
  m_NavMeshLayer: 0
  m_StaticEditorFlags: 0
  m_IsActive: 1
--- !u!4 &2331457993830431591
Transform:
  m_ObjectHideFlags: 0
  m_CorrespondingSourceObject: {fileID: 0}
  m_PrefabInstance: {fileID: 0}
  m_PrefabAsset: {fileID: 0}
  m_GameObject: {fileID: 6469236489678915737}
  m_LocalRotation: {x: -0.41489986, y: 0.572589, z: 0.41489986, w: 0.572589}
  m_LocalPosition: {x: -0.063551314, y: 1.907093e-17, z: -1.6761814e-17}
  m_LocalScale: {x: 1, y: 1, z: 1}
  m_Children: []
  m_Father: {fileID: 7828232730576279187}
  m_RootOrder: 0
  m_LocalEulerAnglesHint: {x: 0, y: 0, z: 0}
--- !u!1 &6794038622105538221
GameObject:
  m_ObjectHideFlags: 0
  m_CorrespondingSourceObject: {fileID: 0}
  m_PrefabInstance: {fileID: 0}
  m_PrefabAsset: {fileID: 0}
  serializedVersion: 6
  m_Component:
  - component: {fileID: 8940754596736203525}
  - component: {fileID: 1624353772617445052}
  m_Layer: 0
  m_Name: CuteBird_Face
  m_TagString: Untagged
  m_Icon: {fileID: 0}
  m_NavMeshLayer: 0
  m_StaticEditorFlags: 0
  m_IsActive: 1
--- !u!4 &8940754596736203525
Transform:
  m_ObjectHideFlags: 0
  m_CorrespondingSourceObject: {fileID: 0}
  m_PrefabInstance: {fileID: 0}
  m_PrefabAsset: {fileID: 0}
  m_GameObject: {fileID: 6794038622105538221}
  m_LocalRotation: {x: 0.030831864, y: -0, z: -0, w: 0.9995246}
  m_LocalPosition: {x: 0, y: 0, z: -0.017604582}
  m_LocalScale: {x: 1.75824, y: 1.75823, z: 2.5097508}
  m_Children: []
  m_Father: {fileID: 1021007616577889172}
  m_RootOrder: 1
  m_LocalEulerAnglesHint: {x: 0, y: 0, z: 0}
--- !u!137 &1624353772617445052
SkinnedMeshRenderer:
  m_ObjectHideFlags: 0
  m_CorrespondingSourceObject: {fileID: 0}
  m_PrefabInstance: {fileID: 0}
  m_PrefabAsset: {fileID: 0}
  m_GameObject: {fileID: 6794038622105538221}
  m_Enabled: 1
  m_CastShadows: 1
  m_ReceiveShadows: 1
  m_DynamicOccludee: 1
  m_MotionVectors: 1
  m_LightProbeUsage: 1
  m_ReflectionProbeUsage: 1
  m_RayTracingMode: 0
  m_RenderingLayerMask: 4294967295
  m_RendererPriority: 0
  m_Materials:
  - {fileID: 2100000, guid: ffe3597e759f79d4b9473f620ac60695, type: 2}
  m_StaticBatchInfo:
    firstSubMesh: 0
    subMeshCount: 0
  m_StaticBatchRoot: {fileID: 0}
  m_ProbeAnchor: {fileID: 0}
  m_LightProbeVolumeOverride: {fileID: 0}
  m_ScaleInLightmap: 1
  m_ReceiveGI: 1
  m_PreserveUVs: 0
  m_IgnoreNormalsForChartDetection: 0
  m_ImportantGI: 0
  m_StitchLightmapSeams: 0
  m_SelectedEditorRenderState: 3
  m_MinimumChartSize: 4
  m_AutoUVMaxDistance: 0.5
  m_AutoUVMaxAngle: 89
  m_LightmapParameters: {fileID: 0}
  m_SortingLayerID: 0
  m_SortingLayer: 0
  m_SortingOrder: 0
  serializedVersion: 2
  m_Quality: 0
  m_UpdateWhenOffscreen: 0
  m_SkinnedMotionVectors: 1
  m_Mesh: {fileID: 4300000, guid: 36aa615dee2458745a7f6c386f3388cb, type: 3}
  m_Bones:
  - {fileID: 8620535087301794996}
  - {fileID: 320571501221563993}
  - {fileID: 9218520220519105517}
  - {fileID: 7199107348636784676}
  - {fileID: 6332341147787066394}
  - {fileID: 7828232730576279187}
  - {fileID: 2289506050129905032}
  - {fileID: 6323445629310325487}
  - {fileID: 4609010623794102726}
  - {fileID: 941635445347859906}
  - {fileID: 8786743553472328835}
  - {fileID: 2277851571014462835}
  - {fileID: 3739537059023737390}
  m_BlendShapeWeights: []
  m_RootBone: {fileID: 8620535087301794996}
  m_AABB:
    m_Center: {x: -0.100742996, y: -0.0022770949, z: 0.06377854}
    m_Extent: {x: 0.08672862, y: 0.10985036, z: 0.07280763}
  m_DirtyAABB: 0
--- !u!1 &6875855114866867444
GameObject:
  m_ObjectHideFlags: 0
  m_CorrespondingSourceObject: {fileID: 0}
  m_PrefabInstance: {fileID: 0}
  m_PrefabAsset: {fileID: 0}
  serializedVersion: 6
  m_Component:
  - component: {fileID: 1021007616577889172}
  - component: {fileID: 824869753221631405}
  - component: {fileID: 274518615001688393}
  m_Layer: 0
  m_Name: BirdMarket
  m_TagString: Untagged
  m_Icon: {fileID: 0}
  m_NavMeshLayer: 0
  m_StaticEditorFlags: 0
  m_IsActive: 1
--- !u!4 &1021007616577889172
Transform:
  m_ObjectHideFlags: 0
  m_CorrespondingSourceObject: {fileID: 0}
  m_PrefabInstance: {fileID: 0}
  m_PrefabAsset: {fileID: 0}
  m_GameObject: {fileID: 6875855114866867444}
  m_LocalRotation: {x: 0, y: -0.8258277, z: 0, w: 0.5639225}
  m_LocalPosition: {x: -5.886, y: 1.722, z: -11.97}
  m_LocalScale: {x: 1.7, y: 1.7, z: 1.7}
  m_Children:
  - {fileID: 7884979012102388359}
  - {fileID: 8940754596736203525}
  - {fileID: 8084607476665750366}
  - {fileID: 7905458176567192331}
  m_Father: {fileID: 0}
  m_RootOrder: 0
  m_LocalEulerAnglesHint: {x: 0, y: -111.34501, z: 0}
--- !u!208 &824869753221631405
NavMeshObstacle:
  m_ObjectHideFlags: 0
  m_CorrespondingSourceObject: {fileID: 0}
  m_PrefabInstance: {fileID: 0}
  m_PrefabAsset: {fileID: 0}
  m_GameObject: {fileID: 6875855114866867444}
  m_Enabled: 1
  serializedVersion: 3
  m_Shape: 1
  m_Extents: {x: 0.155, y: 0.16, z: 0.155}
  m_MoveThreshold: 0.1
  m_Carve: 1
  m_CarveOnlyStationary: 1
  m_Center: {x: 0, y: 0.15, z: 0}
  m_TimeToStationary: 0.5
--- !u!95 &274518615001688393
Animator:
  serializedVersion: 3
  m_ObjectHideFlags: 0
  m_CorrespondingSourceObject: {fileID: 0}
  m_PrefabInstance: {fileID: 0}
  m_PrefabAsset: {fileID: 0}
  m_GameObject: {fileID: 6875855114866867444}
  m_Enabled: 1
  m_Avatar: {fileID: 0}
  m_Controller: {fileID: 9100000, guid: 4ab42e4bb9f5c5b4a8532104e8212985, type: 2}
  m_CullingMode: 0
  m_UpdateMode: 0
  m_ApplyRootMotion: 0
  m_LinearVelocityBlending: 0
  m_WarningMessage: 
  m_HasTransformHierarchy: 1
  m_AllowConstantClipSamplingOptimization: 1
  m_KeepAnimatorControllerStateOnDisable: 0
--- !u!1 &8125811986859596902
GameObject:
  m_ObjectHideFlags: 0
  m_CorrespondingSourceObject: {fileID: 0}
  m_PrefabInstance: {fileID: 0}
  m_PrefabAsset: {fileID: 0}
  serializedVersion: 6
  m_Component:
  - component: {fileID: 8786743553472328835}
  m_Layer: 0
  m_Name: LegL
  m_TagString: Untagged
  m_Icon: {fileID: 0}
  m_NavMeshLayer: 0
  m_StaticEditorFlags: 0
  m_IsActive: 1
--- !u!4 &8786743553472328835
Transform:
  m_ObjectHideFlags: 0
  m_CorrespondingSourceObject: {fileID: 0}
  m_PrefabInstance: {fileID: 0}
  m_PrefabAsset: {fileID: 0}
  m_GameObject: {fileID: 8125811986859596902}
  m_LocalRotation: {x: -0.022488177, y: 0.622056, z: 0.7821389, w: 0.028275393}
  m_LocalPosition: {x: 0.0032032551, y: -0.032661423, z: 0.0055747186}
  m_LocalScale: {x: 1, y: 1, z: 1}
  m_Children:
  - {fileID: 2277851571014462835}
  m_Father: {fileID: 8620535087301794996}
  m_RootOrder: 0
  m_LocalEulerAnglesHint: {x: 0, y: 0, z: 0}
--- !u!1 &8406178901330621037
GameObject:
  m_ObjectHideFlags: 0
  m_CorrespondingSourceObject: {fileID: 0}
  m_PrefabInstance: {fileID: 0}
  m_PrefabAsset: {fileID: 0}
  serializedVersion: 6
  m_Component:
  - component: {fileID: 6332341147787066394}
  m_Layer: 0
  m_Name: Head
  m_TagString: Untagged
  m_Icon: {fileID: 0}
  m_NavMeshLayer: 0
  m_StaticEditorFlags: 0
  m_IsActive: 1
--- !u!4 &6332341147787066394
Transform:
  m_ObjectHideFlags: 0
  m_CorrespondingSourceObject: {fileID: 0}
  m_PrefabInstance: {fileID: 0}
  m_PrefabAsset: {fileID: 0}
  m_GameObject: {fileID: 8406178901330621037}
  m_LocalRotation: {x: 0, y: 0, z: -0.5062513, w: 0.86238605}
  m_LocalPosition: {x: -0.05043817, y: 0.09035546, z: 1.2166007e-16}
  m_LocalScale: {x: 1, y: 1, z: 1}
  m_Children:
  - {fileID: 7828232730576279187}
  m_Father: {fileID: 320571501221563993}
  m_RootOrder: 0
  m_LocalEulerAnglesHint: {x: 0, y: 0, z: 0}
--- !u!1 &8579210113362316338
GameObject:
  m_ObjectHideFlags: 0
  m_CorrespondingSourceObject: {fileID: 0}
  m_PrefabInstance: {fileID: 0}
  m_PrefabAsset: {fileID: 0}
  serializedVersion: 6
  m_Component:
  - component: {fileID: 7828232730576279187}
  m_Layer: 0
  m_Name: Head_Fur
  m_TagString: Untagged
  m_Icon: {fileID: 0}
  m_NavMeshLayer: 0
  m_StaticEditorFlags: 0
  m_IsActive: 1
--- !u!4 &7828232730576279187
Transform:
  m_ObjectHideFlags: 0
  m_CorrespondingSourceObject: {fileID: 0}
  m_PrefabInstance: {fileID: 0}
  m_PrefabAsset: {fileID: 0}
  m_GameObject: {fileID: 8579210113362316338}
  m_LocalRotation: {x: 0.9874888, y: -0.15768911, z: -9.6556735e-18, w: 6.046625e-17}
  m_LocalPosition: {x: -0.039645746, y: -6.1018727e-18, z: 1.9024188e-18}
  m_LocalScale: {x: 1, y: 1, z: 1}
  m_Children:
  - {fileID: 2331457993830431591}
  m_Father: {fileID: 6332341147787066394}
  m_RootOrder: 0
  m_LocalEulerAnglesHint: {x: 0, y: 0, z: 0}
--- !u!1 &8668713379836609568
GameObject:
  m_ObjectHideFlags: 0
  m_CorrespondingSourceObject: {fileID: 0}
  m_PrefabInstance: {fileID: 0}
  m_PrefabAsset: {fileID: 0}
  serializedVersion: 6
  m_Component:
  - component: {fileID: 2277851571014462835}
  m_Layer: 0
  m_Name: FeetL
  m_TagString: Untagged
  m_Icon: {fileID: 0}
  m_NavMeshLayer: 0
  m_StaticEditorFlags: 0
  m_IsActive: 1
--- !u!4 &2277851571014462835
Transform:
  m_ObjectHideFlags: 0
  m_CorrespondingSourceObject: {fileID: 0}
  m_PrefabInstance: {fileID: 0}
  m_PrefabAsset: {fileID: 0}
  m_GameObject: {fileID: 8668713379836609568}
  m_LocalRotation: {x: 0.09132374, y: 0.06700456, z: -0.5283651, w: 0.84142786}
  m_LocalPosition: {x: -0.015677929, y: 3.652921e-18, z: -1.5642516e-17}
  m_LocalScale: {x: 1, y: 1, z: 1}
  m_Children:
  - {fileID: 6320196770997316746}
  m_Father: {fileID: 8786743553472328835}
  m_RootOrder: 0
  m_LocalEulerAnglesHint: {x: 0, y: 0, z: 0}
--- !u!1 &9013641799091825906
GameObject:
  m_ObjectHideFlags: 0
  m_CorrespondingSourceObject: {fileID: 0}
  m_PrefabInstance: {fileID: 0}
  m_PrefabAsset: {fileID: 0}
  serializedVersion: 6
  m_Component:
  - component: {fileID: 747549408140588294}
  m_Layer: 0
  m_Name: FeetR2
  m_TagString: Untagged
  m_Icon: {fileID: 0}
  m_NavMeshLayer: 0
  m_StaticEditorFlags: 0
  m_IsActive: 1
--- !u!4 &747549408140588294
Transform:
  m_ObjectHideFlags: 0
  m_CorrespondingSourceObject: {fileID: 0}
  m_PrefabInstance: {fileID: 0}
  m_PrefabAsset: {fileID: 0}
  m_GameObject: {fileID: 9013641799091825906}
  m_LocalRotation: {x: 0, y: -0, z: -0, w: 1}
  m_LocalPosition: {x: -2.6645352e-17, y: 1.9169087e-16, z: -0.05535145}
  m_LocalScale: {x: 1, y: 1, z: 1}
  m_Children: []
  m_Father: {fileID: 2946390285345107096}
  m_RootOrder: 0
  m_LocalEulerAnglesHint: {x: 0, y: 0, z: 0}
--- !u!1 &9017318972364611864
GameObject:
  m_ObjectHideFlags: 0
  m_CorrespondingSourceObject: {fileID: 0}
  m_PrefabInstance: {fileID: 0}
  m_PrefabAsset: {fileID: 0}
  serializedVersion: 6
  m_Component:
  - component: {fileID: 941635445347859906}
  m_Layer: 0
  m_Name: WingL2
  m_TagString: Untagged
  m_Icon: {fileID: 0}
  m_NavMeshLayer: 0
  m_StaticEditorFlags: 0
  m_IsActive: 1
--- !u!4 &941635445347859906
Transform:
  m_ObjectHideFlags: 0
  m_CorrespondingSourceObject: {fileID: 0}
  m_PrefabInstance: {fileID: 0}
  m_PrefabAsset: {fileID: 0}
  m_GameObject: {fileID: 9017318972364611864}
  m_LocalRotation: {x: 0.32114753, y: 0.581116, z: -0.36169255, w: 0.6544822}
  m_LocalPosition: {x: -0.029097319, y: -2.220446e-18, z: -1.4432899e-17}
  m_LocalScale: {x: 1, y: 1, z: 1}
  m_Children: []
  m_Father: {fileID: 2954205729345873757}
  m_RootOrder: 0
  m_LocalEulerAnglesHint: {x: 0, y: 0, z: 0}
--- !u!1 &9086124744901511927
GameObject:
  m_ObjectHideFlags: 0
  m_CorrespondingSourceObject: {fileID: 0}
  m_PrefabInstance: {fileID: 0}
  m_PrefabAsset: {fileID: 0}
  serializedVersion: 6
  m_Component:
  - component: {fileID: 6320196770997316746}
  m_Layer: 0
  m_Name: FeetL3
  m_TagString: Untagged
  m_Icon: {fileID: 0}
  m_NavMeshLayer: 0
  m_StaticEditorFlags: 0
  m_IsActive: 1
--- !u!4 &6320196770997316746
Transform:
  m_ObjectHideFlags: 0
  m_CorrespondingSourceObject: {fileID: 0}
  m_PrefabInstance: {fileID: 0}
  m_PrefabAsset: {fileID: 0}
  m_GameObject: {fileID: 9086124744901511927}
  m_LocalRotation: {x: -0.13254589, y: -0.69457173, z: -0.13254768, w: 0.6945738}
  m_LocalPosition: {x: 0.016181692, y: -0.02037108, z: -5.3290704e-17}
  m_LocalScale: {x: 1, y: 1, z: 1}
  m_Children:
  - {fileID: 3739537059023737390}
  m_Father: {fileID: 2277851571014462835}
  m_RootOrder: 0
  m_LocalEulerAnglesHint: {x: 0, y: 0, z: 0}
--- !u!1001 &6654151486063225543
PrefabInstance:
  m_ObjectHideFlags: 0
  serializedVersion: 2
  m_Modification:
    m_TransformParent: {fileID: 1021007616577889172}
    m_Modifications:
    - target: {fileID: 3154676679472900068, guid: 70047c81e4f07e34f9b791d3f2e1e623,
        type: 3}
      propertyPath: m_Sprite
      value: 
      objectReference: {fileID: 21300032, guid: 0a1e8a46f047bb740b1c666aac904182,
        type: 3}
    - target: {fileID: 3154676679472900068, guid: 70047c81e4f07e34f9b791d3f2e1e623,
        type: 3}
      propertyPath: m_Size.x
      value: 0.8
      objectReference: {fileID: 0}
    - target: {fileID: 3154676679472900068, guid: 70047c81e4f07e34f9b791d3f2e1e623,
        type: 3}
      propertyPath: m_Size.y
      value: 2.22
      objectReference: {fileID: 0}
    - target: {fileID: 3154676679472900068, guid: 70047c81e4f07e34f9b791d3f2e1e623,
        type: 3}
      propertyPath: m_WasSpriteAssigned
      value: 1
      objectReference: {fileID: 0}
    - target: {fileID: 3597707422444093900, guid: 70047c81e4f07e34f9b791d3f2e1e623,
        type: 3}
      propertyPath: m_LocalPosition.x
      value: 0
      objectReference: {fileID: 0}
    - target: {fileID: 3597707422444093900, guid: 70047c81e4f07e34f9b791d3f2e1e623,
        type: 3}
      propertyPath: m_LocalPosition.y
      value: 0
      objectReference: {fileID: 0}
    - target: {fileID: 3597707422444093900, guid: 70047c81e4f07e34f9b791d3f2e1e623,
        type: 3}
      propertyPath: m_LocalPosition.z
      value: 0
      objectReference: {fileID: 0}
    - target: {fileID: 3597707422444093900, guid: 70047c81e4f07e34f9b791d3f2e1e623,
        type: 3}
      propertyPath: m_LocalRotation.x
      value: -0
      objectReference: {fileID: 0}
    - target: {fileID: 3597707422444093900, guid: 70047c81e4f07e34f9b791d3f2e1e623,
        type: 3}
      propertyPath: m_LocalRotation.y
      value: 0.7071068
      objectReference: {fileID: 0}
    - target: {fileID: 3597707422444093900, guid: 70047c81e4f07e34f9b791d3f2e1e623,
        type: 3}
      propertyPath: m_LocalRotation.z
      value: -0.70710677
      objectReference: {fileID: 0}
    - target: {fileID: 3597707422444093900, guid: 70047c81e4f07e34f9b791d3f2e1e623,
        type: 3}
      propertyPath: m_LocalRotation.w
      value: 0
      objectReference: {fileID: 0}
    - target: {fileID: 3597707422444093900, guid: 70047c81e4f07e34f9b791d3f2e1e623,
        type: 3}
      propertyPath: m_RootOrder
      value: 3
      objectReference: {fileID: 0}
    - target: {fileID: 3597707422444093900, guid: 70047c81e4f07e34f9b791d3f2e1e623,
        type: 3}
      propertyPath: m_LocalEulerAnglesHint.x
      value: 90.00001
      objectReference: {fileID: 0}
    - target: {fileID: 3597707422444093900, guid: 70047c81e4f07e34f9b791d3f2e1e623,
        type: 3}
      propertyPath: m_LocalEulerAnglesHint.y
      value: 0
      objectReference: {fileID: 0}
    - target: {fileID: 3597707422444093900, guid: 70047c81e4f07e34f9b791d3f2e1e623,
        type: 3}
      propertyPath: m_LocalEulerAnglesHint.z
      value: -180
      objectReference: {fileID: 0}
    - target: {fileID: 3597707422444093900, guid: 70047c81e4f07e34f9b791d3f2e1e623,
        type: 3}
      propertyPath: m_LocalScale.x
      value: 0.12
      objectReference: {fileID: 0}
    - target: {fileID: 3597707422444093900, guid: 70047c81e4f07e34f9b791d3f2e1e623,
        type: 3}
      propertyPath: m_LocalScale.y
      value: 0.12
      objectReference: {fileID: 0}
    - target: {fileID: 3597707422444093900, guid: 70047c81e4f07e34f9b791d3f2e1e623,
        type: 3}
      propertyPath: m_LocalScale.z
      value: 0.11999
      objectReference: {fileID: 0}
    - target: {fileID: 4516724136127809818, guid: 70047c81e4f07e34f9b791d3f2e1e623,
        type: 3}
      propertyPath: m_Name
      value: Shadow
      objectReference: {fileID: 0}
    - target: {fileID: 4516724136127809818, guid: 70047c81e4f07e34f9b791d3f2e1e623,
        type: 3}
      propertyPath: m_StaticEditorFlags
      value: 4294967295
      objectReference: {fileID: 0}
    m_RemovedComponents: []
  m_SourcePrefab: {fileID: 100100000, guid: 70047c81e4f07e34f9b791d3f2e1e623, type: 3}
--- !u!4 &7905458176567192331 stripped
Transform:
  m_CorrespondingSourceObject: {fileID: 3597707422444093900, guid: 70047c81e4f07e34f9b791d3f2e1e623,
    type: 3}
  m_PrefabInstance: {fileID: 6654151486063225543}
  m_PrefabAsset: {fileID: 0}
