%YAML 1.1
%TAG !u! tag:unity3d.com,2011:
--- !u!1 &3458266066987562966
GameObject:
  m_ObjectHideFlags: 0
  m_CorrespondingSourceObject: {fileID: 0}
  m_PrefabInstance: {fileID: 0}
  m_PrefabAsset: {fileID: 0}
  serializedVersion: 6
  m_Component:
  - component: {fileID: 8861704583394873178}
  - component: {fileID: 778232748445851725}
  - component: {fileID: 5199818290851328549}
  m_Layer: 5
  m_Name: Image
  m_TagString: Untagged
  m_Icon: {fileID: 0}
  m_NavMeshLayer: 0
  m_StaticEditorFlags: 0
  m_IsActive: 1
--- !u!224 &8861704583394873178
RectTransform:
  m_ObjectHideFlags: 0
  m_CorrespondingSourceObject: {fileID: 0}
  m_PrefabInstance: {fileID: 0}
  m_PrefabAsset: {fileID: 0}
  m_GameObject: {fileID: 3458266066987562966}
  m_LocalRotation: {x: -0, y: -0, z: -0, w: 1}
  m_LocalPosition: {x: 0, y: 0, z: 0}
  m_LocalScale: {x: 1, y: 1, z: 1}
  m_Children: []
  m_Father: {fileID: 8099082036591198025}
  m_RootOrder: 5
  m_LocalEulerAnglesHint: {x: 0, y: 0, z: 0}
  m_AnchorMin: {x: 0.5, y: 0.5}
  m_AnchorMax: {x: 0.5, y: 0.5}
  m_AnchoredPosition: {x: -56.870018, y: -20.1}
  m_SizeDelta: {x: 60, y: 60}
  m_Pivot: {x: 0.5, y: 0.5}
--- !u!222 &778232748445851725
CanvasRenderer:
  m_ObjectHideFlags: 0
  m_CorrespondingSourceObject: {fileID: 0}
  m_PrefabInstance: {fileID: 0}
  m_PrefabAsset: {fileID: 0}
  m_GameObject: {fileID: 3458266066987562966}
  m_CullTransparentMesh: 0
--- !u!114 &5199818290851328549
MonoBehaviour:
  m_ObjectHideFlags: 0
  m_CorrespondingSourceObject: {fileID: 0}
  m_PrefabInstance: {fileID: 0}
  m_PrefabAsset: {fileID: 0}
  m_GameObject: {fileID: 3458266066987562966}
  m_Enabled: 1
  m_EditorHideFlags: 0
  m_Script: {fileID: 11500000, guid: fe87c0e1cc204ed48ad3b37840f39efc, type: 3}
  m_Name: 
  m_EditorClassIdentifier: 
  m_Material: {fileID: 0}
  m_Color: {r: 1, g: 1, b: 1, a: 1}
  m_RaycastTarget: 0
  m_Maskable: 1
  m_OnCullStateChanged:
    m_PersistentCalls:
      m_Calls: []
  m_Sprite: {fileID: 21300000, guid: 6549103f5635e044e8fe75d7ab5fcb48, type: 3}
  m_Type: 0
  m_PreserveAspect: 0
  m_FillCenter: 1
  m_FillMethod: 4
  m_FillAmount: 1
  m_FillClockwise: 1
  m_FillOrigin: 0
  m_UseSpriteMesh: 0
  m_PixelsPerUnitMultiplier: 1
--- !u!114 &8505326917165182919
MonoBehaviour:
  m_ObjectHideFlags: 0
  m_CorrespondingSourceObject: {fileID: 0}
  m_PrefabInstance: {fileID: 0}
  m_PrefabAsset: {fileID: 0}
  m_GameObject: {fileID: 8099082036591198024}
  m_Enabled: 1
  m_EditorHideFlags: 0
  m_Script: {fileID: 11500000, guid: 9224c0648d913824d970c4ddcd1c1ecb, type: 3}
  m_Name: 
  m_EditorClassIdentifier: 
  mainImage: {fileID: 0}
  lookComponentsInChildren: 0
  componentChild: {fileID: 0}
  isInteractable: 0
  buttonIcon: {fileID: 0}
  isDraggable: 0
  lockX: 0
  lockY: 0
  rangeLeftX: 0
  rangeRightX: 0
  rangeLeftY: 0
  rangeRightY: 0
  initPosition: {x: 0, y: 0}
  isAnimatable: 0
  punchSizeIncrement: 0
  punchTimeLength: 0
  anim: 0
  isOutlinable: 0
  outlineImage: {fileID: 0}
  outlineTime: 0
  isTintable: 0
  tintDuration: 0
  useAnimatableTimeScale: 0
  isHoldable: 0
  hasTouchSound: 0
  sound: 0
  audioController: {fileID: 0}
  isRealTimeUpdateable: 0
  usesBadge: 0
  badge: {fileID: 0}
  uiController: {fileID: 0}
  isHighlightable: 0
  highlightOnUnlocking: 0
  unlockingHighlightTime: 0
  highlightedTimes: 0
  tapsToStopHighlight: 0
  hasStrongHighlight: 0
  strongHighlight: {fileID: 0}
  taps: 0
  isLocalizable: 0
  loc: {fileID: 0}
  uiLocalizables: []
  isBankListener: 0
  bank: {fileID: 0}
  currenciesToListen: 
  hasWarnings: 0
  usesColorModule: 0
  mainColor: {r: 0, g: 0, b: 0, a: 0}
  touchedColor: {r: 0, g: 0, b: 0, a: 0}
  highlightColor: {r: 0, g: 0, b: 0, a: 0}
  lockedColor: {r: 0, g: 0, b: 0, a: 0}
  colorizableController: {fileID: 0}
  doesOverridePalette: 0
  buildingIcon: {fileID: 9081259574460757257}
  stockTitle: {fileID: 7979511719513532951}
  serviceRangeText: {fileID: 5035926976759621590}
  purchaseButton: {fileID: 8661761769795087534}
  purchasePriceText: {fileID: 7284753293102584147}
  purchasedTick: {fileID: 6342983399461177619}
--- !u!1 &6879524942496078844
GameObject:
  m_ObjectHideFlags: 0
  m_CorrespondingSourceObject: {fileID: 0}
  m_PrefabInstance: {fileID: 0}
  m_PrefabAsset: {fileID: 0}
  serializedVersion: 6
  m_Component:
  - component: {fileID: 2192739243009943934}
  - component: {fileID: 1845142895467529681}
  - component: {fileID: 5035926976759621590}
  m_Layer: 5
  m_Name: Text
  m_TagString: Untagged
  m_Icon: {fileID: 0}
  m_NavMeshLayer: 0
  m_StaticEditorFlags: 0
  m_IsActive: 1
--- !u!224 &2192739243009943934
RectTransform:
  m_ObjectHideFlags: 0
  m_CorrespondingSourceObject: {fileID: 0}
  m_PrefabInstance: {fileID: 0}
  m_PrefabAsset: {fileID: 0}
  m_GameObject: {fileID: 6879524942496078844}
  m_LocalRotation: {x: -0, y: -0, z: -0, w: 1}
  m_LocalPosition: {x: 0, y: 0, z: 0}
  m_LocalScale: {x: 1, y: 1, z: 1}
  m_Children: []
  m_Father: {fileID: 8099082036591198025}
  m_RootOrder: 6
  m_LocalEulerAnglesHint: {x: 0, y: 0, z: 0}
  m_AnchorMin: {x: 0.5, y: 0.5}
  m_AnchorMax: {x: 0.5, y: 0.5}
  m_AnchoredPosition: {x: 73.22998, y: -20.100098}
  m_SizeDelta: {x: 175.42, y: 34.831573}
  m_Pivot: {x: 0.5, y: 0.5}
--- !u!222 &1845142895467529681
CanvasRenderer:
  m_ObjectHideFlags: 0
  m_CorrespondingSourceObject: {fileID: 0}
  m_PrefabInstance: {fileID: 0}
  m_PrefabAsset: {fileID: 0}
  m_GameObject: {fileID: 6879524942496078844}
  m_CullTransparentMesh: 0
--- !u!114 &5035926976759621590
MonoBehaviour:
  m_ObjectHideFlags: 0
  m_CorrespondingSourceObject: {fileID: 0}
  m_PrefabInstance: {fileID: 0}
  m_PrefabAsset: {fileID: 0}
  m_GameObject: {fileID: 6879524942496078844}
  m_Enabled: 1
  m_EditorHideFlags: 0
  m_Script: {fileID: 11500000, guid: 5f7201a12d95ffc409449d95f23cf332, type: 3}
  m_Name: 
  m_EditorClassIdentifier: 
  m_Material: {fileID: 0}
  m_Color: {r: 0.8113208, g: 0, b: 0, a: 1}
  m_RaycastTarget: 0
  m_Maskable: 1
  m_OnCullStateChanged:
    m_PersistentCalls:
      m_Calls: []
  m_FontData:
    m_Font: {fileID: 12800000, guid: f925964b816248843808f128e1b0842f, type: 3}
    m_FontSize: 28
    m_FontStyle: 0
    m_BestFit: 0
    m_MinSize: 2
    m_MaxSize: 40
    m_Alignment: 0
    m_AlignByGeometry: 0
    m_RichText: 1
    m_HorizontalOverflow: 0
    m_VerticalOverflow: 0
    m_LineSpacing: 1
  m_Text: 99.9N
--- !u!1001 &6163706245330600135
PrefabInstance:
  m_ObjectHideFlags: 0
  serializedVersion: 2
  m_Modification:
    m_TransformParent: {fileID: 0}
    m_Modifications:
    - target: {fileID: 1039408008494192417, guid: 2ebc01d369dcd43489128a3871f1ad99,
        type: 3}
      propertyPath: m_Color.g
      value: 1
      objectReference: {fileID: 0}
    - target: {fileID: 1039408008494192417, guid: 2ebc01d369dcd43489128a3871f1ad99,
        type: 3}
      propertyPath: m_Color.b
      value: 1
      objectReference: {fileID: 0}
    - target: {fileID: 1039408008494192417, guid: 2ebc01d369dcd43489128a3871f1ad99,
        type: 3}
      propertyPath: m_Color.r
      value: 1
      objectReference: {fileID: 0}
    - target: {fileID: 1039408008494192417, guid: 2ebc01d369dcd43489128a3871f1ad99,
        type: 3}
      propertyPath: m_Enabled
      value: 0
      objectReference: {fileID: 0}
    - target: {fileID: 2257996861204838053, guid: 2ebc01d369dcd43489128a3871f1ad99,
        type: 3}
      propertyPath: m_AnchoredPosition.y
      value: -6
      objectReference: {fileID: 0}
    - target: {fileID: 2257996861204838053, guid: 2ebc01d369dcd43489128a3871f1ad99,
        type: 3}
      propertyPath: m_AnchoredPosition.x
      value: 62.1
      objectReference: {fileID: 0}
    - target: {fileID: 2257996861204838053, guid: 2ebc01d369dcd43489128a3871f1ad99,
        type: 3}
      propertyPath: m_SizeDelta.x
      value: 303.4754
      objectReference: {fileID: 0}
    - target: {fileID: 2732658167141531534, guid: 2ebc01d369dcd43489128a3871f1ad99,
        type: 3}
      propertyPath: m_LocalPosition.x
      value: 0
      objectReference: {fileID: 0}
    - target: {fileID: 2732658167141531534, guid: 2ebc01d369dcd43489128a3871f1ad99,
        type: 3}
      propertyPath: m_LocalPosition.y
      value: 0
      objectReference: {fileID: 0}
    - target: {fileID: 2732658167141531534, guid: 2ebc01d369dcd43489128a3871f1ad99,
        type: 3}
      propertyPath: m_LocalPosition.z
      value: 0
      objectReference: {fileID: 0}
    - target: {fileID: 2732658167141531534, guid: 2ebc01d369dcd43489128a3871f1ad99,
        type: 3}
      propertyPath: m_LocalRotation.x
      value: -0
      objectReference: {fileID: 0}
    - target: {fileID: 2732658167141531534, guid: 2ebc01d369dcd43489128a3871f1ad99,
        type: 3}
      propertyPath: m_LocalRotation.y
      value: -0
      objectReference: {fileID: 0}
    - target: {fileID: 2732658167141531534, guid: 2ebc01d369dcd43489128a3871f1ad99,
        type: 3}
      propertyPath: m_LocalRotation.z
      value: -0
      objectReference: {fileID: 0}
    - target: {fileID: 2732658167141531534, guid: 2ebc01d369dcd43489128a3871f1ad99,
        type: 3}
      propertyPath: m_LocalRotation.w
      value: 1
      objectReference: {fileID: 0}
    - target: {fileID: 2732658167141531534, guid: 2ebc01d369dcd43489128a3871f1ad99,
        type: 3}
      propertyPath: m_RootOrder
      value: 0
      objectReference: {fileID: 0}
    - target: {fileID: 2732658167141531534, guid: 2ebc01d369dcd43489128a3871f1ad99,
        type: 3}
      propertyPath: m_LocalEulerAnglesHint.x
      value: 0
      objectReference: {fileID: 0}
    - target: {fileID: 2732658167141531534, guid: 2ebc01d369dcd43489128a3871f1ad99,
        type: 3}
      propertyPath: m_LocalEulerAnglesHint.y
      value: 0
      objectReference: {fileID: 0}
    - target: {fileID: 2732658167141531534, guid: 2ebc01d369dcd43489128a3871f1ad99,
        type: 3}
      propertyPath: m_LocalEulerAnglesHint.z
      value: 0
      objectReference: {fileID: 0}
    - target: {fileID: 2732658167141531534, guid: 2ebc01d369dcd43489128a3871f1ad99,
        type: 3}
      propertyPath: m_AnchoredPosition.x
      value: 0
      objectReference: {fileID: 0}
    - target: {fileID: 2732658167141531534, guid: 2ebc01d369dcd43489128a3871f1ad99,
        type: 3}
      propertyPath: m_AnchoredPosition.y
      value: 0
      objectReference: {fileID: 0}
    - target: {fileID: 2732658167141531534, guid: 2ebc01d369dcd43489128a3871f1ad99,
        type: 3}
      propertyPath: m_SizeDelta.x
      value: 832.7
      objectReference: {fileID: 0}
    - target: {fileID: 2732658167141531534, guid: 2ebc01d369dcd43489128a3871f1ad99,
        type: 3}
      propertyPath: m_SizeDelta.y
      value: 230
      objectReference: {fileID: 0}
    - target: {fileID: 2732658167141531534, guid: 2ebc01d369dcd43489128a3871f1ad99,
        type: 3}
      propertyPath: m_AnchorMin.x
      value: 0
      objectReference: {fileID: 0}
    - target: {fileID: 2732658167141531534, guid: 2ebc01d369dcd43489128a3871f1ad99,
        type: 3}
      propertyPath: m_AnchorMin.y
      value: 0
      objectReference: {fileID: 0}
    - target: {fileID: 2732658167141531534, guid: 2ebc01d369dcd43489128a3871f1ad99,
        type: 3}
      propertyPath: m_AnchorMax.x
      value: 0
      objectReference: {fileID: 0}
    - target: {fileID: 2732658167141531534, guid: 2ebc01d369dcd43489128a3871f1ad99,
        type: 3}
      propertyPath: m_AnchorMax.y
      value: 0
      objectReference: {fileID: 0}
    - target: {fileID: 2732658167141531534, guid: 2ebc01d369dcd43489128a3871f1ad99,
        type: 3}
      propertyPath: m_Pivot.x
      value: 0.5
      objectReference: {fileID: 0}
    - target: {fileID: 2732658167141531534, guid: 2ebc01d369dcd43489128a3871f1ad99,
        type: 3}
      propertyPath: m_Pivot.y
      value: 1
      objectReference: {fileID: 0}
    - target: {fileID: 2732658167141531535, guid: 2ebc01d369dcd43489128a3871f1ad99,
        type: 3}
      propertyPath: m_Name
      value: BuildingItem
      objectReference: {fileID: 0}
    - target: {fileID: 3138726758980826574, guid: 2ebc01d369dcd43489128a3871f1ad99,
        type: 3}
      propertyPath: m_RaycastTarget
      value: 0
      objectReference: {fileID: 0}
    - target: {fileID: 4266326726795209424, guid: 2ebc01d369dcd43489128a3871f1ad99,
        type: 3}
      propertyPath: m_FontData.m_Alignment
      value: 6
      objectReference: {fileID: 0}
    - target: {fileID: 4539507172229113490, guid: 2ebc01d369dcd43489128a3871f1ad99,
        type: 3}
      propertyPath: m_AnchoredPosition.x
      value: 40
      objectReference: {fileID: 0}
    - target: {fileID: 5819045313581426437, guid: 2ebc01d369dcd43489128a3871f1ad99,
        type: 3}
      propertyPath: m_IsActive
      value: 0
      objectReference: {fileID: 0}
    m_RemovedComponents:
    - {fileID: 1519069965854870682, guid: 2ebc01d369dcd43489128a3871f1ad99, type: 3}
  m_SourcePrefab: {fileID: 100100000, guid: 2ebc01d369dcd43489128a3871f1ad99, type: 3}
--- !u!1 &8099082036591198024 stripped
GameObject:
  m_CorrespondingSourceObject: {fileID: 2732658167141531535, guid: 2ebc01d369dcd43489128a3871f1ad99,
    type: 3}
  m_PrefabInstance: {fileID: 6163706245330600135}
  m_PrefabAsset: {fileID: 0}
--- !u!224 &8099082036591198025 stripped
RectTransform:
  m_CorrespondingSourceObject: {fileID: 2732658167141531534, guid: 2ebc01d369dcd43489128a3871f1ad99,
    type: 3}
  m_PrefabInstance: {fileID: 6163706245330600135}
  m_PrefabAsset: {fileID: 0}
--- !u!114 &9081259574460757257 stripped
MonoBehaviour:
  m_CorrespondingSourceObject: {fileID: 3138726758980826574, guid: 2ebc01d369dcd43489128a3871f1ad99,
    type: 3}
  m_PrefabInstance: {fileID: 6163706245330600135}
  m_PrefabAsset: {fileID: 0}
  m_GameObject: {fileID: 0}
  m_Enabled: 1
  m_EditorHideFlags: 0
  m_Script: {fileID: 11500000, guid: fe87c0e1cc204ed48ad3b37840f39efc, type: 3}
  m_Name: 
  m_EditorClassIdentifier: 
--- !u!114 &7979511719513532951 stripped
MonoBehaviour:
  m_CorrespondingSourceObject: {fileID: 4266326726795209424, guid: 2ebc01d369dcd43489128a3871f1ad99,
    type: 3}
  m_PrefabInstance: {fileID: 6163706245330600135}
  m_PrefabAsset: {fileID: 0}
  m_GameObject: {fileID: 0}
  m_Enabled: 1
  m_EditorHideFlags: 0
  m_Script: {fileID: 11500000, guid: 5f7201a12d95ffc409449d95f23cf332, type: 3}
  m_Name: 
  m_EditorClassIdentifier: 
--- !u!114 &8661761769795087534 stripped
MonoBehaviour:
  m_CorrespondingSourceObject: {fileID: 3295826083650759785, guid: 2ebc01d369dcd43489128a3871f1ad99,
    type: 3}
  m_PrefabInstance: {fileID: 6163706245330600135}
  m_PrefabAsset: {fileID: 0}
  m_GameObject: {fileID: 0}
  m_Enabled: 1
  m_EditorHideFlags: 0
  m_Script: {fileID: 11500000, guid: c4039a281b459794d997eb714ddbf5c2, type: 3}
  m_Name: 
  m_EditorClassIdentifier: 
--- !u!114 &7284753293102584147 stripped
MonoBehaviour:
  m_CorrespondingSourceObject: {fileID: 3499656083339022740, guid: 2ebc01d369dcd43489128a3871f1ad99,
    type: 3}
  m_PrefabInstance: {fileID: 6163706245330600135}
  m_PrefabAsset: {fileID: 0}
  m_GameObject: {fileID: 0}
  m_Enabled: 1
  m_EditorHideFlags: 0
  m_Script: {fileID: 11500000, guid: 5f7201a12d95ffc409449d95f23cf332, type: 3}
  m_Name: 
  m_EditorClassIdentifier: 
--- !u!1 &6342983399461177619 stripped
GameObject:
  m_CorrespondingSourceObject: {fileID: 977052317404416468, guid: 2ebc01d369dcd43489128a3871f1ad99,
    type: 3}
  m_PrefabInstance: {fileID: 6163706245330600135}
  m_PrefabAsset: {fileID: 0}
