%YAML 1.1
%TAG !u! tag:unity3d.com,2011:
--- !u!1 &5358286612026087213
GameObject:
  m_ObjectHideFlags: 0
  m_CorrespondingSourceObject: {fileID: 0}
  m_PrefabInstance: {fileID: 0}
  m_PrefabAsset: {fileID: 0}
  serializedVersion: 6
  m_Component:
  - component: {fileID: 5358286612026087212}
  - component: {fileID: 5358286612026087186}
  - component: {fileID: 5358286612026087187}
  - component: {fileID: 5200962844673857859}
  m_Layer: 5
  m_Name: InventoryLockedItem
  m_TagString: Untagged
  m_Icon: {fileID: 0}
  m_NavMeshLayer: 0
  m_StaticEditorFlags: 0
  m_IsActive: 1
--- !u!224 &5358286612026087212
RectTransform:
  m_ObjectHideFlags: 0
  m_CorrespondingSourceObject: {fileID: 0}
  m_PrefabInstance: {fileID: 0}
  m_PrefabAsset: {fileID: 0}
  m_GameObject: {fileID: 5358286612026087213}
  m_LocalRotation: {x: -0, y: -0, z: -0, w: 1}
  m_LocalPosition: {x: 0, y: 0, z: 0}
  m_LocalScale: {x: 1, y: 1, z: 1}
  m_Children:
  - {fileID: 5358286612217562851}
  - {fileID: 5358286611243330058}
  m_Father: {fileID: 0}
  m_RootOrder: 0
  m_LocalEulerAnglesHint: {x: 0, y: 0, z: -90}
  m_AnchorMin: {x: 0, y: 0}
  m_AnchorMax: {x: 0, y: 0}
  m_AnchoredPosition: {x: 0, y: 0}
  m_SizeDelta: {x: 0, y: 0}
  m_Pivot: {x: 0.5, y: 0.5}
--- !u!222 &5358286612026087186
CanvasRenderer:
  m_ObjectHideFlags: 0
  m_CorrespondingSourceObject: {fileID: 0}
  m_PrefabInstance: {fileID: 0}
  m_PrefabAsset: {fileID: 0}
  m_GameObject: {fileID: 5358286612026087213}
  m_CullTransparentMesh: 0
--- !u!114 &5358286612026087187
MonoBehaviour:
  m_ObjectHideFlags: 0
  m_CorrespondingSourceObject: {fileID: 0}
  m_PrefabInstance: {fileID: 0}
  m_PrefabAsset: {fileID: 0}
  m_GameObject: {fileID: 5358286612026087213}
  m_Enabled: 1
  m_EditorHideFlags: 0
  m_Script: {fileID: 11500000, guid: fe87c0e1cc204ed48ad3b37840f39efc, type: 3}
  m_Name: 
  m_EditorClassIdentifier: 
  m_Material: {fileID: 0}
  m_Color: {r: 0.5660378, g: 0.5660378, b: 0.5660378, a: 1}
  m_RaycastTarget: 0
  m_Maskable: 1
  m_OnCullStateChanged:
    m_PersistentCalls:
      m_Calls: []
  m_Sprite: {fileID: 21300000, guid: b6343f138fcd5438084af933606bad69, type: 3}
  m_Type: 0
  m_PreserveAspect: 1
  m_FillCenter: 1
  m_FillMethod: 4
  m_FillAmount: 1
  m_FillClockwise: 1
  m_FillOrigin: 0
  m_UseSpriteMesh: 0
  m_PixelsPerUnitMultiplier: 1
--- !u!114 &5200962844673857859
MonoBehaviour:
  m_ObjectHideFlags: 0
  m_CorrespondingSourceObject: {fileID: 0}
  m_PrefabInstance: {fileID: 0}
  m_PrefabAsset: {fileID: 0}
  m_GameObject: {fileID: 5358286612026087213}
  m_Enabled: 1
  m_EditorHideFlags: 0
  m_Script: {fileID: 11500000, guid: 969bd8c2646090c4ea1b7c49ca98b850, type: 3}
  m_Name: 
  m_EditorClassIdentifier: 
  mainImage: {fileID: 0}
  lookComponentsInChildren: 0
  componentChild: {fileID: 0}
  isInteractable: 1
  buttonIcon: {fileID: 0}
  isDraggable: 0
  lockX: 0
  lockY: 0
  rangeLeftX: 0
  rangeRightX: 0
  rangeLeftY: 0
  rangeRightY: 0
  initPosition: {x: 0, y: 0}
  isAnimatable: 0
  punchSizeIncrement: 0
  punchTimeLength: 0
  anim: 0
  isOutlinable: 0
  outlineImage: {fileID: 0}
  outlineTime: 0
  isTintable: 0
  tintDuration: 0
  useAnimatableTimeScale: 0
  isHoldable: 0
  hasTouchSound: 0
  sound: 0
  audioController: {fileID: 0}
  isRealTimeUpdateable: 0
  usesBadge: 0
  badge: {fileID: 0}
  uiController: {fileID: 0}
  isHighlightable: 0
  highlightOnUnlocking: 0
  unlockingHighlightTime: 0
  highlightedTimes: 0
  tapsToStopHighlight: 0
  hasStrongHighlight: 0
  strongHighlight: {fileID: 0}
  taps: 0
  isLocalizable: 0
  loc: {fileID: 0}
  uiLocalizables: []
  isBankListener: 0
  bank: {fileID: 0}
  currenciesToListen: 
  hasWarnings: 0
  usesColorModule: 1
  mainColor: {r: 0.23584908, g: 0.23584908, b: 0.23584908, a: 1}
  touchedColor: {r: 0.4433962, g: 0.4433962, b: 0.4433962, a: 1}
  highlightColor: {r: 0.49056602, g: 0.49056602, b: 0.49056602, a: 1}
  lockedColor: {r: 0.23529413, g: 0.23529413, b: 0.23529413, a: 1}
  colorizableController: {fileID: 11400000, guid: 03c6b1175a5ebb041a48ea2e62a76f73,
    type: 2}
  doesOverridePalette: 1
  icon: {fileID: 5358286612217562850}
  bgCircle: {fileID: 0}
  amountText: {fileID: 5358286611505967335}
--- !u!1 &5358286612217562876
GameObject:
  m_ObjectHideFlags: 0
  m_CorrespondingSourceObject: {fileID: 0}
  m_PrefabInstance: {fileID: 0}
  m_PrefabAsset: {fileID: 0}
  serializedVersion: 6
  m_Component:
  - component: {fileID: 5358286612217562851}
  - component: {fileID: 5358286612217562849}
  - component: {fileID: 5358286612217562850}
  m_Layer: 5
  m_Name: Lock
  m_TagString: Untagged
  m_Icon: {fileID: 0}
  m_NavMeshLayer: 0
  m_StaticEditorFlags: 0
  m_IsActive: 1
--- !u!224 &5358286612217562851
RectTransform:
  m_ObjectHideFlags: 0
  m_CorrespondingSourceObject: {fileID: 0}
  m_PrefabInstance: {fileID: 0}
  m_PrefabAsset: {fileID: 0}
  m_GameObject: {fileID: 5358286612217562876}
  m_LocalRotation: {x: -0, y: -0, z: -0, w: 1}
  m_LocalPosition: {x: 0, y: 0, z: 0}
  m_LocalScale: {x: 1, y: 1, z: 1}
  m_Children: []
  m_Father: {fileID: 5358286612026087212}
  m_RootOrder: 0
  m_LocalEulerAnglesHint: {x: 0, y: 0, z: 0}
  m_AnchorMin: {x: 0.5, y: 0.5}
  m_AnchorMax: {x: 0.5, y: 0.5}
  m_AnchoredPosition: {x: 0, y: 12.6}
  m_SizeDelta: {x: 113.52, y: 104.03}
  m_Pivot: {x: 0.5, y: 0.5}
--- !u!222 &5358286612217562849
CanvasRenderer:
  m_ObjectHideFlags: 0
  m_CorrespondingSourceObject: {fileID: 0}
  m_PrefabInstance: {fileID: 0}
  m_PrefabAsset: {fileID: 0}
  m_GameObject: {fileID: 5358286612217562876}
  m_CullTransparentMesh: 0
--- !u!114 &5358286612217562850
MonoBehaviour:
  m_ObjectHideFlags: 0
  m_CorrespondingSourceObject: {fileID: 0}
  m_PrefabInstance: {fileID: 0}
  m_PrefabAsset: {fileID: 0}
  m_GameObject: {fileID: 5358286612217562876}
  m_Enabled: 1
  m_EditorHideFlags: 0
  m_Script: {fileID: 11500000, guid: fe87c0e1cc204ed48ad3b37840f39efc, type: 3}
  m_Name: 
  m_EditorClassIdentifier: 
  m_Material: {fileID: 0}
  m_Color: {r: 1, g: 1, b: 1, a: 1}
  m_RaycastTarget: 1
  m_Maskable: 1
  m_OnCullStateChanged:
    m_PersistentCalls:
      m_Calls: []
  m_Sprite: {fileID: 21300000, guid: d5822f1905992447fb201f0f4d3c401b, type: 3}
  m_Type: 0
  m_PreserveAspect: 0
  m_FillCenter: 1
  m_FillMethod: 4
  m_FillAmount: 1
  m_FillClockwise: 1
  m_FillOrigin: 0
  m_UseSpriteMesh: 0
  m_PixelsPerUnitMultiplier: 1
--- !u!1001 &6509983105436453270
PrefabInstance:
  m_ObjectHideFlags: 0
  serializedVersion: 2
  m_Modification:
    m_TransformParent: {fileID: 5358286612026087212}
    m_Modifications:
    - target: {fileID: 1154168814896047004, guid: 6d1877b24478cda43b5675922e085298,
        type: 3}
      propertyPath: m_LocalPosition.x
      value: 0
      objectReference: {fileID: 0}
    - target: {fileID: 1154168814896047004, guid: 6d1877b24478cda43b5675922e085298,
        type: 3}
      propertyPath: m_LocalPosition.y
      value: 0
      objectReference: {fileID: 0}
    - target: {fileID: 1154168814896047004, guid: 6d1877b24478cda43b5675922e085298,
        type: 3}
      propertyPath: m_LocalPosition.z
      value: 0
      objectReference: {fileID: 0}
    - target: {fileID: 1154168814896047004, guid: 6d1877b24478cda43b5675922e085298,
        type: 3}
      propertyPath: m_LocalRotation.x
      value: -0
      objectReference: {fileID: 0}
    - target: {fileID: 1154168814896047004, guid: 6d1877b24478cda43b5675922e085298,
        type: 3}
      propertyPath: m_LocalRotation.y
      value: -0
      objectReference: {fileID: 0}
    - target: {fileID: 1154168814896047004, guid: 6d1877b24478cda43b5675922e085298,
        type: 3}
      propertyPath: m_LocalRotation.z
      value: -0
      objectReference: {fileID: 0}
    - target: {fileID: 1154168814896047004, guid: 6d1877b24478cda43b5675922e085298,
        type: 3}
      propertyPath: m_LocalRotation.w
      value: 1
      objectReference: {fileID: 0}
    - target: {fileID: 1154168814896047004, guid: 6d1877b24478cda43b5675922e085298,
        type: 3}
      propertyPath: m_RootOrder
      value: 1
      objectReference: {fileID: 0}
    - target: {fileID: 1154168814896047004, guid: 6d1877b24478cda43b5675922e085298,
        type: 3}
      propertyPath: m_LocalEulerAnglesHint.x
      value: 0
      objectReference: {fileID: 0}
    - target: {fileID: 1154168814896047004, guid: 6d1877b24478cda43b5675922e085298,
        type: 3}
      propertyPath: m_LocalEulerAnglesHint.y
      value: 0
      objectReference: {fileID: 0}
    - target: {fileID: 1154168814896047004, guid: 6d1877b24478cda43b5675922e085298,
        type: 3}
      propertyPath: m_LocalEulerAnglesHint.z
      value: 0
      objectReference: {fileID: 0}
    - target: {fileID: 1154168814896047004, guid: 6d1877b24478cda43b5675922e085298,
        type: 3}
      propertyPath: m_AnchoredPosition.x
      value: -0.7
      objectReference: {fileID: 0}
    - target: {fileID: 1154168814896047004, guid: 6d1877b24478cda43b5675922e085298,
        type: 3}
      propertyPath: m_AnchoredPosition.y
      value: -62.4
      objectReference: {fileID: 0}
    - target: {fileID: 1154168814896047004, guid: 6d1877b24478cda43b5675922e085298,
        type: 3}
      propertyPath: m_SizeDelta.x
      value: 171.1
      objectReference: {fileID: 0}
    - target: {fileID: 1154168814896047004, guid: 6d1877b24478cda43b5675922e085298,
        type: 3}
      propertyPath: m_SizeDelta.y
      value: 72.14
      objectReference: {fileID: 0}
    - target: {fileID: 1154168814896047004, guid: 6d1877b24478cda43b5675922e085298,
        type: 3}
      propertyPath: m_AnchorMin.x
      value: 0.5
      objectReference: {fileID: 0}
    - target: {fileID: 1154168814896047004, guid: 6d1877b24478cda43b5675922e085298,
        type: 3}
      propertyPath: m_AnchorMin.y
      value: 0.5
      objectReference: {fileID: 0}
    - target: {fileID: 1154168814896047004, guid: 6d1877b24478cda43b5675922e085298,
        type: 3}
      propertyPath: m_AnchorMax.x
      value: 0.5
      objectReference: {fileID: 0}
    - target: {fileID: 1154168814896047004, guid: 6d1877b24478cda43b5675922e085298,
        type: 3}
      propertyPath: m_AnchorMax.y
      value: 0.5
      objectReference: {fileID: 0}
    - target: {fileID: 1154168814896047004, guid: 6d1877b24478cda43b5675922e085298,
        type: 3}
      propertyPath: m_Pivot.x
      value: 0.5
      objectReference: {fileID: 0}
    - target: {fileID: 1154168814896047004, guid: 6d1877b24478cda43b5675922e085298,
        type: 3}
      propertyPath: m_Pivot.y
      value: 0.5
      objectReference: {fileID: 0}
    - target: {fileID: 1154168814896047005, guid: 6d1877b24478cda43b5675922e085298,
        type: 3}
      propertyPath: m_Name
      value: ButtonCurrencySmall
      objectReference: {fileID: 0}
    - target: {fileID: 1154168814896047007, guid: 6d1877b24478cda43b5675922e085298,
        type: 3}
      propertyPath: m_RaycastTarget
      value: 0
      objectReference: {fileID: 0}
    - target: {fileID: 1154168815704013169, guid: 6d1877b24478cda43b5675922e085298,
        type: 3}
      propertyPath: m_FontData.m_Alignment
      value: 4
      objectReference: {fileID: 0}
    - target: {fileID: 1154168815704013169, guid: 6d1877b24478cda43b5675922e085298,
        type: 3}
      propertyPath: m_RaycastTarget
      value: 0
      objectReference: {fileID: 0}
    - target: {fileID: 1154168816252662362, guid: 6d1877b24478cda43b5675922e085298,
        type: 3}
      propertyPath: m_Sprite
      value: 
      objectReference: {fileID: 21300000, guid: 852797df94fdf004cbb9a828b3975365,
        type: 3}
    - target: {fileID: 1154168816252662362, guid: 6d1877b24478cda43b5675922e085298,
        type: 3}
      propertyPath: m_RaycastTarget
      value: 0
      objectReference: {fileID: 0}
    - target: {fileID: 1154168816252662363, guid: 6d1877b24478cda43b5675922e085298,
        type: 3}
      propertyPath: m_AnchoredPosition.x
      value: 16.6
      objectReference: {fileID: 0}
    - target: {fileID: 1154168816252662363, guid: 6d1877b24478cda43b5675922e085298,
        type: 3}
      propertyPath: m_SizeDelta.x
      value: 50
      objectReference: {fileID: 0}
    - target: {fileID: 1154168816252662363, guid: 6d1877b24478cda43b5675922e085298,
        type: 3}
      propertyPath: m_SizeDelta.y
      value: 50
      objectReference: {fileID: 0}
    m_RemovedComponents:
    - {fileID: 3583243253571941550, guid: 6d1877b24478cda43b5675922e085298, type: 3}
  m_SourcePrefab: {fileID: 100100000, guid: 6d1877b24478cda43b5675922e085298, type: 3}
--- !u!224 &5358286611243330058 stripped
RectTransform:
  m_CorrespondingSourceObject: {fileID: 1154168814896047004, guid: 6d1877b24478cda43b5675922e085298,
    type: 3}
  m_PrefabInstance: {fileID: 6509983105436453270}
  m_PrefabAsset: {fileID: 0}
--- !u!114 &5358286611505967335 stripped
MonoBehaviour:
  m_CorrespondingSourceObject: {fileID: 1154168815704013169, guid: 6d1877b24478cda43b5675922e085298,
    type: 3}
  m_PrefabInstance: {fileID: 6509983105436453270}
  m_PrefabAsset: {fileID: 0}
  m_GameObject: {fileID: 0}
  m_Enabled: 1
  m_EditorHideFlags: 0
  m_Script: {fileID: 11500000, guid: 5f7201a12d95ffc409449d95f23cf332, type: 3}
  m_Name: 
  m_EditorClassIdentifier: 
