%YAML 1.1
%TAG !u! tag:unity3d.com,2011:
--- !u!1 &6276718656436393009
GameObject:
  m_ObjectHideFlags: 0
  m_CorrespondingSourceObject: {fileID: 0}
  m_PrefabInstance: {fileID: 0}
  m_PrefabAsset: {fileID: 0}
  serializedVersion: 6
  m_Component:
  - component: {fileID: 6276718656436393014}
  - component: {fileID: 6276718656436393015}
  - component: {fileID: 6276718656436393008}
  - component: {fileID: 2709517644226414841}
  m_Layer: 0
  m_Name: Tree_Type2_01
  m_TagString: Untagged
  m_Icon: {fileID: 0}
  m_NavMeshLayer: 0
  m_StaticEditorFlags: 0
  m_IsActive: 1
--- !u!4 &6276718656436393014
Transform:
  m_ObjectHideFlags: 0
  m_CorrespondingSourceObject: {fileID: 0}
  m_PrefabInstance: {fileID: 0}
  m_PrefabAsset: {fileID: 0}
  m_GameObject: {fileID: 6276718656436393009}
  m_LocalRotation: {x: 0, y: 0, z: 0, w: 1}
  m_LocalPosition: {x: 4.079, y: 2.3819442, z: 3.853}
  m_LocalScale: {x: 1.5, y: 1.5, z: 1.5}
  m_Children:
  - {fileID: 9077429737150046779}
  m_Father: {fileID: 0}
  m_RootOrder: 0
  m_LocalEulerAnglesHint: {x: 0, y: 0, z: 0}
--- !u!33 &6276718656436393015
MeshFilter:
  m_ObjectHideFlags: 0
  m_CorrespondingSourceObject: {fileID: 0}
  m_PrefabInstance: {fileID: 0}
  m_PrefabAsset: {fileID: 0}
  m_GameObject: {fileID: 6276718656436393009}
  m_Mesh: {fileID: 4300038, guid: 8f815e7a9c32a294f93a86a5a47ec4c2, type: 3}
--- !u!23 &6276718656436393008
MeshRenderer:
  m_ObjectHideFlags: 0
  m_CorrespondingSourceObject: {fileID: 0}
  m_PrefabInstance: {fileID: 0}
  m_PrefabAsset: {fileID: 0}
  m_GameObject: {fileID: 6276718656436393009}
  m_Enabled: 1
  m_CastShadows: 1
  m_ReceiveShadows: 1
  m_DynamicOccludee: 1
  m_MotionVectors: 1
  m_LightProbeUsage: 1
  m_ReflectionProbeUsage: 1
  m_RayTracingMode: 2
  m_RenderingLayerMask: 1
  m_RendererPriority: 0
  m_Materials:
  - {fileID: 2100000, guid: 77d4946ad5ced4b499c4f526d8982015, type: 2}
  m_StaticBatchInfo:
    firstSubMesh: 0
    subMeshCount: 0
  m_StaticBatchRoot: {fileID: 0}
  m_ProbeAnchor: {fileID: 0}
  m_LightProbeVolumeOverride: {fileID: 0}
  m_ScaleInLightmap: 1
  m_ReceiveGI: 1
  m_PreserveUVs: 0
  m_IgnoreNormalsForChartDetection: 0
  m_ImportantGI: 0
  m_StitchLightmapSeams: 0
  m_SelectedEditorRenderState: 3
  m_MinimumChartSize: 4
  m_AutoUVMaxDistance: 0.5
  m_AutoUVMaxAngle: 89
  m_LightmapParameters: {fileID: 0}
  m_SortingLayerID: 0
  m_SortingLayer: 0
  m_SortingOrder: 0
--- !u!208 &2709517644226414841
NavMeshObstacle:
  m_ObjectHideFlags: 0
  m_CorrespondingSourceObject: {fileID: 0}
  m_PrefabInstance: {fileID: 0}
  m_PrefabAsset: {fileID: 0}
  m_GameObject: {fileID: 6276718656436393009}
  m_Enabled: 1
  serializedVersion: 3
  m_Shape: 1
  m_Extents: {x: 0.05, y: 0.328, z: 0.05}
  m_MoveThreshold: 0.1
  m_Carve: 0
  m_CarveOnlyStationary: 1
  m_Center: {x: -0.006, y: 0.326, z: -0.008}
  m_TimeToStationary: 0.5
--- !u!1001 &5482039179534951415
PrefabInstance:
  m_ObjectHideFlags: 0
  serializedVersion: 2
  m_Modification:
    m_TransformParent: {fileID: 6276718656436393014}
    m_Modifications:
    - target: {fileID: 3154676679472900068, guid: 70047c81e4f07e34f9b791d3f2e1e623,
        type: 3}
      propertyPath: m_Sprite
      value: 
      objectReference: {fileID: 21300024, guid: 0a1e8a46f047bb740b1c666aac904182,
        type: 3}
    - target: {fileID: 3154676679472900068, guid: 70047c81e4f07e34f9b791d3f2e1e623,
        type: 3}
      propertyPath: m_Size.x
      value: 1.28
      objectReference: {fileID: 0}
    - target: {fileID: 3154676679472900068, guid: 70047c81e4f07e34f9b791d3f2e1e623,
        type: 3}
      propertyPath: m_Size.y
      value: 1.76
      objectReference: {fileID: 0}
    - target: {fileID: 3154676679472900068, guid: 70047c81e4f07e34f9b791d3f2e1e623,
        type: 3}
      propertyPath: m_WasSpriteAssigned
      value: 1
      objectReference: {fileID: 0}
    - target: {fileID: 3597707422444093900, guid: 70047c81e4f07e34f9b791d3f2e1e623,
        type: 3}
      propertyPath: m_LocalPosition.x
      value: 0.322
      objectReference: {fileID: 0}
    - target: {fileID: 3597707422444093900, guid: 70047c81e4f07e34f9b791d3f2e1e623,
        type: 3}
      propertyPath: m_LocalPosition.y
      value: 0
      objectReference: {fileID: 0}
    - target: {fileID: 3597707422444093900, guid: 70047c81e4f07e34f9b791d3f2e1e623,
        type: 3}
      propertyPath: m_LocalPosition.z
      value: 0
      objectReference: {fileID: 0}
    - target: {fileID: 3597707422444093900, guid: 70047c81e4f07e34f9b791d3f2e1e623,
        type: 3}
      propertyPath: m_LocalRotation.x
      value: 0.50000006
      objectReference: {fileID: 0}
    - target: {fileID: 3597707422444093900, guid: 70047c81e4f07e34f9b791d3f2e1e623,
        type: 3}
      propertyPath: m_LocalRotation.y
      value: 0.50000006
      objectReference: {fileID: 0}
    - target: {fileID: 3597707422444093900, guid: 70047c81e4f07e34f9b791d3f2e1e623,
        type: 3}
      propertyPath: m_LocalRotation.z
      value: -0.5
      objectReference: {fileID: 0}
    - target: {fileID: 3597707422444093900, guid: 70047c81e4f07e34f9b791d3f2e1e623,
        type: 3}
      propertyPath: m_LocalRotation.w
      value: 0.5
      objectReference: {fileID: 0}
    - target: {fileID: 3597707422444093900, guid: 70047c81e4f07e34f9b791d3f2e1e623,
        type: 3}
      propertyPath: m_RootOrder
      value: 0
      objectReference: {fileID: 0}
    - target: {fileID: 3597707422444093900, guid: 70047c81e4f07e34f9b791d3f2e1e623,
        type: 3}
      propertyPath: m_LocalEulerAnglesHint.x
      value: 90.00001
      objectReference: {fileID: 0}
    - target: {fileID: 3597707422444093900, guid: 70047c81e4f07e34f9b791d3f2e1e623,
        type: 3}
      propertyPath: m_LocalEulerAnglesHint.y
      value: 0
      objectReference: {fileID: 0}
    - target: {fileID: 3597707422444093900, guid: 70047c81e4f07e34f9b791d3f2e1e623,
        type: 3}
      propertyPath: m_LocalEulerAnglesHint.z
      value: -90
      objectReference: {fileID: 0}
    - target: {fileID: 4516724136127809818, guid: 70047c81e4f07e34f9b791d3f2e1e623,
        type: 3}
      propertyPath: m_Name
      value: Shadow
      objectReference: {fileID: 0}
    m_RemovedComponents: []
  m_SourcePrefab: {fileID: 100100000, guid: 70047c81e4f07e34f9b791d3f2e1e623, type: 3}
--- !u!4 &9077429737150046779 stripped
Transform:
  m_CorrespondingSourceObject: {fileID: 3597707422444093900, guid: 70047c81e4f07e34f9b791d3f2e1e623,
    type: 3}
  m_PrefabInstance: {fileID: 5482039179534951415}
  m_PrefabAsset: {fileID: 0}
