%YAML 1.1
%TAG !u! tag:unity3d.com,2011:
--- !u!1 &607126943678195900
GameObject:
  m_ObjectHideFlags: 0
  m_CorrespondingSourceObject: {fileID: 0}
  m_PrefabInstance: {fileID: 0}
  m_PrefabAsset: {fileID: 0}
  serializedVersion: 6
  m_Component:
  - component: {fileID: 5162078056630222144}
  - component: {fileID: 7736777814971928497}
  - component: {fileID: 3129075573939859447}
  - component: {fileID: 6368030582170037622}
  m_Layer: 5
  m_Name: Text
  m_TagString: Untagged
  m_Icon: {fileID: 0}
  m_NavMeshLayer: 0
  m_StaticEditorFlags: 0
  m_IsActive: 1
--- !u!224 &5162078056630222144
RectTransform:
  m_ObjectHideFlags: 0
  m_CorrespondingSourceObject: {fileID: 0}
  m_PrefabInstance: {fileID: 0}
  m_PrefabAsset: {fileID: 0}
  m_GameObject: {fileID: 607126943678195900}
  m_LocalRotation: {x: -0, y: -0, z: 0.084030494, w: 0.99646324}
  m_LocalPosition: {x: 0, y: 0, z: 0}
  m_LocalScale: {x: 1, y: 1, z: 0.32114002}
  m_Children: []
  m_Father: {fileID: 8786496984443189998}
  m_RootOrder: 9
  m_LocalEulerAnglesHint: {x: 0, y: 0, z: 9.641001}
  m_AnchorMin: {x: 0, y: 0}
  m_AnchorMax: {x: 1, y: 0}
  m_AnchoredPosition: {x: -122.99997, y: 556}
  m_SizeDelta: {x: -517.84656, y: 137.06345}
  m_Pivot: {x: 0.5, y: 0}
--- !u!222 &7736777814971928497
CanvasRenderer:
  m_ObjectHideFlags: 0
  m_CorrespondingSourceObject: {fileID: 0}
  m_PrefabInstance: {fileID: 0}
  m_PrefabAsset: {fileID: 0}
  m_GameObject: {fileID: 607126943678195900}
  m_CullTransparentMesh: 0
--- !u!114 &3129075573939859447
MonoBehaviour:
  m_ObjectHideFlags: 0
  m_CorrespondingSourceObject: {fileID: 0}
  m_PrefabInstance: {fileID: 0}
  m_PrefabAsset: {fileID: 0}
  m_GameObject: {fileID: 607126943678195900}
  m_Enabled: 1
  m_EditorHideFlags: 0
  m_Script: {fileID: 11500000, guid: 5f7201a12d95ffc409449d95f23cf332, type: 3}
  m_Name: 
  m_EditorClassIdentifier: 
  m_Material: {fileID: 0}
  m_Color: {r: 0.4039216, g: 0.7725491, b: 0.8705883, a: 1}
  m_RaycastTarget: 1
  m_Maskable: 1
  m_OnCullStateChanged:
    m_PersistentCalls:
      m_Calls: []
  m_FontData:
    m_Font: {fileID: 12800000, guid: 2b670064b08449e499ac078dda4cc818, type: 3}
    m_FontSize: 30
    m_FontStyle: 0
    m_BestFit: 1
    m_MinSize: 3
    m_MaxSize: 30
    m_Alignment: 4
    m_AlignByGeometry: 0
    m_RichText: 1
    m_HorizontalOverflow: 0
    m_VerticalOverflow: 0
    m_LineSpacing: 1
  m_Text: "\xA1OFERTAS!"
--- !u!114 &6368030582170037622
MonoBehaviour:
  m_ObjectHideFlags: 0
  m_CorrespondingSourceObject: {fileID: 0}
  m_PrefabInstance: {fileID: 0}
  m_PrefabAsset: {fileID: 0}
  m_GameObject: {fileID: 607126943678195900}
  m_Enabled: 1
  m_EditorHideFlags: 0
  m_Script: {fileID: 11500000, guid: 16d8afa6a03f6b9499bc71cdacb22cea, type: 3}
  m_Name: 
  m_EditorClassIdentifier: 
  mode: Upcase
--- !u!114 &3820824028057076488
MonoBehaviour:
  m_ObjectHideFlags: 0
  m_CorrespondingSourceObject: {fileID: 0}
  m_PrefabInstance: {fileID: 0}
  m_PrefabAsset: {fileID: 0}
  m_GameObject: {fileID: 8786496984443189985}
  m_Enabled: 1
  m_EditorHideFlags: 0
  m_Script: {fileID: 11500000, guid: e11deff2a7888ec4381544ecbc887e64, type: 3}
  m_Name: 
  m_EditorClassIdentifier: 
  mainImage: {fileID: 0}
  lookComponentsInChildren: 0
  componentChild: {fileID: 0}
  isInteractable: 0
  buttonIcon: {fileID: 0}
  isDraggable: 0
  lockX: 0
  lockY: 0
  rangeLeftX: 0
  rangeRightX: 0
  rangeLeftY: 0
  rangeRightY: 0
  initPosition: {x: 0, y: 0}
  isAnimatable: 0
  punchSizeIncrement: 0
  punchTimeLength: 0
  anim: 0
  isOutlinable: 0
  outlineImage: {fileID: 0}
  outlineTime: 0
  isTintable: 0
  tintDuration: 0
  useAnimatableTimeScale: 0
  isHoldable: 0
  hasTouchSound: 0
  sound: 0
  audioController: {fileID: 11400000, guid: 33f1758c29a0a914aaf54153e0d60ddf, type: 2}
  isRealTimeUpdateable: 0
  usesBadge: 0
  badge: {fileID: 0}
  uiController: {fileID: 11400000, guid: de75965cb8b912e49960642082c05519, type: 2}
  isHighlightable: 0
  highlightOnUnlocking: 0
  unlockingHighlightTime: 0
  highlightedTimes: 0
  tapsToStopHighlight: 0
  hasStrongHighlight: 0
  strongHighlight: {fileID: 0}
  taps: 0
  isLocalizable: 1
  loc: {fileID: 11400000, guid: a37450c4e762fd048bf828a2e93544cc, type: 2}
  uiLocalizables:
  - stringRef:
      stringVariable: {fileID: 0}
      constant: 
      locKey: BALLOON_AD_DESC
      locValue: "\xA1ofertas!"
      lang: 0
      usedValue: 2
      loc: {fileID: 11400000, guid: a37450c4e762fd048bf828a2e93544cc, type: 2}
    txt: {fileID: 3129075573939859447}
  isBankListener: 0
  bank: {fileID: 0}
  currenciesToListen: 
  hasWarnings: 0
  usesColorModule: 0
  mainColor: {r: 0, g: 0, b: 0, a: 0}
  touchedColor: {r: 0, g: 0, b: 0, a: 0}
  highlightColor: {r: 0, g: 0, b: 0, a: 0}
  lockedColor: {r: 0, g: 0, b: 0, a: 0}
  colorizableController: {fileID: 0}
  doesOverridePalette: 0
  usesCloseButton: 1
  closeButton: {fileID: 8132654095707222473}
  clickableLayer: {fileID: 0}
  makeOverlayTransparent: 0
  overrideOverlayColor: 0
  overlayOverrideColorKey: 
  overlayAlpha: 0.5
  skipClosingFromOverlay: 1
  blueOverlayUsesPattern: 1
  skipGaugesOnTop: 0
  container: {fileID: 0}
  animatableOnInvoke: 1
  animType: 2
  invokeAnimTime: 0.5
  displaySoundOnInkove: 1
  invokableSound: 1514024593
  popupSize: 0
  blueCurtainReference: {fileID: 0}
  usesHint: 0
  hintKey: 
  rewardIcon: {fileID: 7843327263700593095}
  amountText: {fileID: 464728164545111916}
  descriptionText: {fileID: 3129075573939859447}
  adButton: {fileID: 2275838161510244816}
--- !u!1 &4539880218867518901
GameObject:
  m_ObjectHideFlags: 0
  m_CorrespondingSourceObject: {fileID: 0}
  m_PrefabInstance: {fileID: 0}
  m_PrefabAsset: {fileID: 0}
  serializedVersion: 6
  m_Component:
  - component: {fileID: 8746499530057805495}
  - component: {fileID: 738178092196622732}
  - component: {fileID: 1712836914416870249}
  m_Layer: 5
  m_Name: Image
  m_TagString: Untagged
  m_Icon: {fileID: 0}
  m_NavMeshLayer: 0
  m_StaticEditorFlags: 0
  m_IsActive: 1
--- !u!224 &8746499530057805495
RectTransform:
  m_ObjectHideFlags: 0
  m_CorrespondingSourceObject: {fileID: 0}
  m_PrefabInstance: {fileID: 0}
  m_PrefabAsset: {fileID: 0}
  m_GameObject: {fileID: 4539880218867518901}
  m_LocalRotation: {x: -0, y: -0, z: -0, w: 1}
  m_LocalPosition: {x: 0, y: 0, z: 0}
  m_LocalScale: {x: 1, y: 1, z: 1}
  m_Children: []
  m_Father: {fileID: 8786496984443189998}
  m_RootOrder: 2
  m_LocalEulerAnglesHint: {x: 0, y: 0, z: 0}
  m_AnchorMin: {x: 0.5, y: 1}
  m_AnchorMax: {x: 0.5, y: 1}
  m_AnchoredPosition: {x: 8.3, y: -19.282745}
  m_SizeDelta: {x: 466.6447, y: 466.6447}
  m_Pivot: {x: 0.5, y: 1}
--- !u!222 &738178092196622732
CanvasRenderer:
  m_ObjectHideFlags: 0
  m_CorrespondingSourceObject: {fileID: 0}
  m_PrefabInstance: {fileID: 0}
  m_PrefabAsset: {fileID: 0}
  m_GameObject: {fileID: 4539880218867518901}
  m_CullTransparentMesh: 0
--- !u!114 &1712836914416870249
MonoBehaviour:
  m_ObjectHideFlags: 0
  m_CorrespondingSourceObject: {fileID: 0}
  m_PrefabInstance: {fileID: 0}
  m_PrefabAsset: {fileID: 0}
  m_GameObject: {fileID: 4539880218867518901}
  m_Enabled: 1
  m_EditorHideFlags: 0
  m_Script: {fileID: 11500000, guid: fe87c0e1cc204ed48ad3b37840f39efc, type: 3}
  m_Name: 
  m_EditorClassIdentifier: 
  m_Material: {fileID: 0}
  m_Color: {r: 1, g: 1, b: 1, a: 1}
  m_RaycastTarget: 1
  m_Maskable: 1
  m_OnCullStateChanged:
    m_PersistentCalls:
      m_Calls: []
  m_Sprite: {fileID: 21300000, guid: ebf7a053e0ae8974397ed478c5d6e021, type: 3}
  m_Type: 0
  m_PreserveAspect: 0
  m_FillCenter: 1
  m_FillMethod: 4
  m_FillAmount: 1
  m_FillClockwise: 1
  m_FillOrigin: 0
  m_UseSpriteMesh: 0
  m_PixelsPerUnitMultiplier: 1
--- !u!1 &8514433690246948702
GameObject:
  m_ObjectHideFlags: 0
  m_CorrespondingSourceObject: {fileID: 0}
  m_PrefabInstance: {fileID: 0}
  m_PrefabAsset: {fileID: 0}
  serializedVersion: 6
  m_Component:
  - component: {fileID: 3978569773595830811}
  - component: {fileID: 693060791654586916}
  - component: {fileID: 3758213755931076114}
  - component: {fileID: 3520854809785510222}
  m_Layer: 5
  m_Name: ----------Line------------
  m_TagString: Untagged
  m_Icon: {fileID: 0}
  m_NavMeshLayer: 0
  m_StaticEditorFlags: 0
  m_IsActive: 1
--- !u!224 &3978569773595830811
RectTransform:
  m_ObjectHideFlags: 0
  m_CorrespondingSourceObject: {fileID: 0}
  m_PrefabInstance: {fileID: 0}
  m_PrefabAsset: {fileID: 0}
  m_GameObject: {fileID: 8514433690246948702}
  m_LocalRotation: {x: -0, y: -0, z: -0, w: 1}
  m_LocalPosition: {x: 0, y: 0, z: 0}
  m_LocalScale: {x: 1, y: 1, z: 1}
  m_Children: []
  m_Father: {fileID: 8786496984443189998}
  m_RootOrder: 3
  m_LocalEulerAnglesHint: {x: 0, y: 0, z: 0}
  m_AnchorMin: {x: 0, y: 0}
  m_AnchorMax: {x: 1, y: 0}
  m_AnchoredPosition: {x: 0, y: 442}
  m_SizeDelta: {x: 0, y: 6}
  m_Pivot: {x: 0.5, y: 0}
--- !u!222 &693060791654586916
CanvasRenderer:
  m_ObjectHideFlags: 0
  m_CorrespondingSourceObject: {fileID: 0}
  m_PrefabInstance: {fileID: 0}
  m_PrefabAsset: {fileID: 0}
  m_GameObject: {fileID: 8514433690246948702}
  m_CullTransparentMesh: 0
--- !u!114 &3758213755931076114
MonoBehaviour:
  m_ObjectHideFlags: 0
  m_CorrespondingSourceObject: {fileID: 0}
  m_PrefabInstance: {fileID: 0}
  m_PrefabAsset: {fileID: 0}
  m_GameObject: {fileID: 8514433690246948702}
  m_Enabled: 1
  m_EditorHideFlags: 0
  m_Script: {fileID: 11500000, guid: fe87c0e1cc204ed48ad3b37840f39efc, type: 3}
  m_Name: 
  m_EditorClassIdentifier: 
  m_Material: {fileID: 0}
  m_Color: {r: 0.4039216, g: 0.7725491, b: 0.8705883, a: 1}
  m_RaycastTarget: 1
  m_Maskable: 1
  m_OnCullStateChanged:
    m_PersistentCalls:
      m_Calls: []
  m_Sprite: {fileID: 21300000, guid: 18c5dc02ecee04d0493f82b8b16b6469, type: 3}
  m_Type: 0
  m_PreserveAspect: 0
  m_FillCenter: 1
  m_FillMethod: 4
  m_FillAmount: 1
  m_FillClockwise: 1
  m_FillOrigin: 0
  m_UseSpriteMesh: 0
  m_PixelsPerUnitMultiplier: 1
--- !u!114 &3520854809785510222
MonoBehaviour:
  m_ObjectHideFlags: 0
  m_CorrespondingSourceObject: {fileID: 0}
  m_PrefabInstance: {fileID: 0}
  m_PrefabAsset: {fileID: 0}
  m_GameObject: {fileID: 8514433690246948702}
  m_Enabled: 1
  m_EditorHideFlags: 0
  m_Script: {fileID: 11500000, guid: 056eadb6d88ccd14cbdb37e52e004c92, type: 3}
  m_Name: 
  m_EditorClassIdentifier: 
  graphic: {fileID: 3758213755931076114}
  desiredColorType: main
  overridesAlpha: 0
  alpha: 0
  colorController: {fileID: 11400000, guid: 03c6b1175a5ebb041a48ea2e62a76f73, type: 2}
--- !u!1001 &1135566375303847778
PrefabInstance:
  m_ObjectHideFlags: 0
  serializedVersion: 2
  m_Modification:
    m_TransformParent: {fileID: 8786496984443189998}
    m_Modifications:
    - target: {fileID: 165782902230448337, guid: 4b6740ade28b8ab44b76cd7a4f6c70a0,
        type: 3}
      propertyPath: m_LocalPosition.x
      value: 0
      objectReference: {fileID: 0}
    - target: {fileID: 165782902230448337, guid: 4b6740ade28b8ab44b76cd7a4f6c70a0,
        type: 3}
      propertyPath: m_LocalPosition.y
      value: 0
      objectReference: {fileID: 0}
    - target: {fileID: 165782902230448337, guid: 4b6740ade28b8ab44b76cd7a4f6c70a0,
        type: 3}
      propertyPath: m_LocalPosition.z
      value: 0
      objectReference: {fileID: 0}
    - target: {fileID: 165782902230448337, guid: 4b6740ade28b8ab44b76cd7a4f6c70a0,
        type: 3}
      propertyPath: m_RootOrder
      value: 5
      objectReference: {fileID: 0}
    - target: {fileID: 165782902230448337, guid: 4b6740ade28b8ab44b76cd7a4f6c70a0,
        type: 3}
      propertyPath: m_LocalEulerAnglesHint.x
      value: 0
      objectReference: {fileID: 0}
    - target: {fileID: 165782902230448337, guid: 4b6740ade28b8ab44b76cd7a4f6c70a0,
        type: 3}
      propertyPath: m_LocalEulerAnglesHint.y
      value: 0
      objectReference: {fileID: 0}
    - target: {fileID: 165782902230448337, guid: 4b6740ade28b8ab44b76cd7a4f6c70a0,
        type: 3}
      propertyPath: m_LocalEulerAnglesHint.z
      value: 0
      objectReference: {fileID: 0}
    - target: {fileID: 1905745696800543119, guid: 4b6740ade28b8ab44b76cd7a4f6c70a0,
        type: 3}
      propertyPath: m_Name
      value: GuildIcon
      objectReference: {fileID: 0}
    m_RemovedComponents: []
  m_SourcePrefab: {fileID: 100100000, guid: 4b6740ade28b8ab44b76cd7a4f6c70a0, type: 3}
--- !u!1001 &1590954360910311482
PrefabInstance:
  m_ObjectHideFlags: 0
  serializedVersion: 2
  m_Modification:
    m_TransformParent: {fileID: 8786496984443189998}
    m_Modifications:
    - target: {fileID: 3483589552747367657, guid: 62e7892183335264db16e5ac99b09b2c,
        type: 3}
      propertyPath: m_LocalPosition.x
      value: 0
      objectReference: {fileID: 0}
    - target: {fileID: 3483589552747367657, guid: 62e7892183335264db16e5ac99b09b2c,
        type: 3}
      propertyPath: m_LocalPosition.y
      value: 0
      objectReference: {fileID: 0}
    - target: {fileID: 3483589552747367657, guid: 62e7892183335264db16e5ac99b09b2c,
        type: 3}
      propertyPath: m_LocalPosition.z
      value: 0
      objectReference: {fileID: 0}
    - target: {fileID: 3483589552747367657, guid: 62e7892183335264db16e5ac99b09b2c,
        type: 3}
      propertyPath: m_RootOrder
      value: 4
      objectReference: {fileID: 0}
    - target: {fileID: 3483589552747367657, guid: 62e7892183335264db16e5ac99b09b2c,
        type: 3}
      propertyPath: m_LocalEulerAnglesHint.x
      value: 0
      objectReference: {fileID: 0}
    - target: {fileID: 3483589552747367657, guid: 62e7892183335264db16e5ac99b09b2c,
        type: 3}
      propertyPath: m_LocalEulerAnglesHint.y
      value: 0
      objectReference: {fileID: 0}
    - target: {fileID: 3483589552747367657, guid: 62e7892183335264db16e5ac99b09b2c,
        type: 3}
      propertyPath: m_LocalEulerAnglesHint.z
      value: 0
      objectReference: {fileID: 0}
    - target: {fileID: 3483589552747367657, guid: 62e7892183335264db16e5ac99b09b2c,
        type: 3}
      propertyPath: m_AnchoredPosition.y
      value: -123
      objectReference: {fileID: 0}
    - target: {fileID: 4340719360123421108, guid: 62e7892183335264db16e5ac99b09b2c,
        type: 3}
      propertyPath: m_Name
      value: GiftCurrencyItem
      objectReference: {fileID: 0}
    m_RemovedComponents: []
  m_SourcePrefab: {fileID: 100100000, guid: 62e7892183335264db16e5ac99b09b2c, type: 3}
--- !u!114 &464728164545111916 stripped
MonoBehaviour:
  m_CorrespondingSourceObject: {fileID: 1181982981841901398, guid: 62e7892183335264db16e5ac99b09b2c,
    type: 3}
  m_PrefabInstance: {fileID: 1590954360910311482}
  m_PrefabAsset: {fileID: 0}
  m_GameObject: {fileID: 0}
  m_Enabled: 1
  m_EditorHideFlags: 0
  m_Script: {fileID: 11500000, guid: 5f7201a12d95ffc409449d95f23cf332, type: 3}
  m_Name: 
  m_EditorClassIdentifier: 
--- !u!114 &7843327263700593095 stripped
MonoBehaviour:
  m_CorrespondingSourceObject: {fileID: 8848777328435157501, guid: 62e7892183335264db16e5ac99b09b2c,
    type: 3}
  m_PrefabInstance: {fileID: 1590954360910311482}
  m_PrefabAsset: {fileID: 0}
  m_GameObject: {fileID: 0}
  m_Enabled: 1
  m_EditorHideFlags: 0
  m_Script: {fileID: 11500000, guid: fe87c0e1cc204ed48ad3b37840f39efc, type: 3}
  m_Name: 
  m_EditorClassIdentifier: 
--- !u!1001 &2566058152144207011
PrefabInstance:
  m_ObjectHideFlags: 0
  serializedVersion: 2
  m_Modification:
    m_TransformParent: {fileID: 0}
    m_Modifications:
    - target: {fileID: 1372888548484310361, guid: 1edc9e7b9314a90499ee6feb554f951f,
        type: 3}
      propertyPath: m_RootOrder
      value: 6
      objectReference: {fileID: 0}
    - target: {fileID: 6517711687842924098, guid: 1edc9e7b9314a90499ee6feb554f951f,
        type: 3}
      propertyPath: m_Name
      value: BalloonPopup
      objectReference: {fileID: 0}
    - target: {fileID: 6517711687842924109, guid: 1edc9e7b9314a90499ee6feb554f951f,
        type: 3}
      propertyPath: m_LocalPosition.x
      value: 0
      objectReference: {fileID: 0}
    - target: {fileID: 6517711687842924109, guid: 1edc9e7b9314a90499ee6feb554f951f,
        type: 3}
      propertyPath: m_LocalPosition.y
      value: 0
      objectReference: {fileID: 0}
    - target: {fileID: 6517711687842924109, guid: 1edc9e7b9314a90499ee6feb554f951f,
        type: 3}
      propertyPath: m_LocalPosition.z
      value: 0
      objectReference: {fileID: 0}
    - target: {fileID: 6517711687842924109, guid: 1edc9e7b9314a90499ee6feb554f951f,
        type: 3}
      propertyPath: m_LocalRotation.x
      value: 0
      objectReference: {fileID: 0}
    - target: {fileID: 6517711687842924109, guid: 1edc9e7b9314a90499ee6feb554f951f,
        type: 3}
      propertyPath: m_LocalRotation.y
      value: 0
      objectReference: {fileID: 0}
    - target: {fileID: 6517711687842924109, guid: 1edc9e7b9314a90499ee6feb554f951f,
        type: 3}
      propertyPath: m_LocalRotation.z
      value: 0
      objectReference: {fileID: 0}
    - target: {fileID: 6517711687842924109, guid: 1edc9e7b9314a90499ee6feb554f951f,
        type: 3}
      propertyPath: m_LocalRotation.w
      value: 1
      objectReference: {fileID: 0}
    - target: {fileID: 6517711687842924109, guid: 1edc9e7b9314a90499ee6feb554f951f,
        type: 3}
      propertyPath: m_RootOrder
      value: 0
      objectReference: {fileID: 0}
    - target: {fileID: 6517711687842924109, guid: 1edc9e7b9314a90499ee6feb554f951f,
        type: 3}
      propertyPath: m_LocalEulerAnglesHint.x
      value: 0
      objectReference: {fileID: 0}
    - target: {fileID: 6517711687842924109, guid: 1edc9e7b9314a90499ee6feb554f951f,
        type: 3}
      propertyPath: m_LocalEulerAnglesHint.y
      value: 0
      objectReference: {fileID: 0}
    - target: {fileID: 6517711687842924109, guid: 1edc9e7b9314a90499ee6feb554f951f,
        type: 3}
      propertyPath: m_LocalEulerAnglesHint.z
      value: 0
      objectReference: {fileID: 0}
    - target: {fileID: 6517711687842924109, guid: 1edc9e7b9314a90499ee6feb554f951f,
        type: 3}
      propertyPath: m_AnchoredPosition.x
      value: 0
      objectReference: {fileID: 0}
    - target: {fileID: 6517711687842924109, guid: 1edc9e7b9314a90499ee6feb554f951f,
        type: 3}
      propertyPath: m_SizeDelta.x
      value: 815
      objectReference: {fileID: 0}
    - target: {fileID: 6517711687842924109, guid: 1edc9e7b9314a90499ee6feb554f951f,
        type: 3}
      propertyPath: m_SizeDelta.y
      value: 942.7566
      objectReference: {fileID: 0}
    - target: {fileID: 6517711687842924109, guid: 1edc9e7b9314a90499ee6feb554f951f,
        type: 3}
      propertyPath: m_AnchorMin.x
      value: 0.5
      objectReference: {fileID: 0}
    - target: {fileID: 6517711687842924109, guid: 1edc9e7b9314a90499ee6feb554f951f,
        type: 3}
      propertyPath: m_AnchorMin.y
      value: 1
      objectReference: {fileID: 0}
    - target: {fileID: 6517711687842924109, guid: 1edc9e7b9314a90499ee6feb554f951f,
        type: 3}
      propertyPath: m_AnchorMax.x
      value: 0.5
      objectReference: {fileID: 0}
    - target: {fileID: 6517711687842924109, guid: 1edc9e7b9314a90499ee6feb554f951f,
        type: 3}
      propertyPath: m_AnchorMax.y
      value: 1
      objectReference: {fileID: 0}
    - target: {fileID: 6517711687842924109, guid: 1edc9e7b9314a90499ee6feb554f951f,
        type: 3}
      propertyPath: m_Pivot.x
      value: 0.5
      objectReference: {fileID: 0}
    - target: {fileID: 6517711687842924109, guid: 1edc9e7b9314a90499ee6feb554f951f,
        type: 3}
      propertyPath: m_Pivot.y
      value: 1
      objectReference: {fileID: 0}
    - target: {fileID: 8718164829918865192, guid: 1edc9e7b9314a90499ee6feb554f951f,
        type: 3}
      propertyPath: m_IsActive
      value: 0
      objectReference: {fileID: 0}
    m_RemovedComponents: []
  m_SourcePrefab: {fileID: 100100000, guid: 1edc9e7b9314a90499ee6feb554f951f, type: 3}
--- !u!1 &8786496984443189985 stripped
GameObject:
  m_CorrespondingSourceObject: {fileID: 6517711687842924098, guid: 1edc9e7b9314a90499ee6feb554f951f,
    type: 3}
  m_PrefabInstance: {fileID: 2566058152144207011}
  m_PrefabAsset: {fileID: 0}
--- !u!224 &8786496984443189998 stripped
RectTransform:
  m_CorrespondingSourceObject: {fileID: 6517711687842924109, guid: 1edc9e7b9314a90499ee6feb554f951f,
    type: 3}
  m_PrefabInstance: {fileID: 2566058152144207011}
  m_PrefabAsset: {fileID: 0}
--- !u!1001 &3657717009352144485
PrefabInstance:
  m_ObjectHideFlags: 0
  serializedVersion: 2
  m_Modification:
    m_TransformParent: {fileID: 8786496984443189998}
    m_Modifications:
    - target: {fileID: 3825196319445577504, guid: e099d4780cc04b5429ebb340d30b57f9,
        type: 3}
      propertyPath: m_Name
      value: AdButton
      objectReference: {fileID: 0}
    - target: {fileID: 4059670308217576181, guid: e099d4780cc04b5429ebb340d30b57f9,
        type: 3}
      propertyPath: m_LocalPosition.x
      value: 0
      objectReference: {fileID: 0}
    - target: {fileID: 4059670308217576181, guid: e099d4780cc04b5429ebb340d30b57f9,
        type: 3}
      propertyPath: m_LocalPosition.y
      value: 0
      objectReference: {fileID: 0}
    - target: {fileID: 4059670308217576181, guid: e099d4780cc04b5429ebb340d30b57f9,
        type: 3}
      propertyPath: m_LocalPosition.z
      value: 0
      objectReference: {fileID: 0}
    - target: {fileID: 4059670308217576181, guid: e099d4780cc04b5429ebb340d30b57f9,
        type: 3}
      propertyPath: m_LocalRotation.x
      value: -0
      objectReference: {fileID: 0}
    - target: {fileID: 4059670308217576181, guid: e099d4780cc04b5429ebb340d30b57f9,
        type: 3}
      propertyPath: m_LocalRotation.y
      value: -0
      objectReference: {fileID: 0}
    - target: {fileID: 4059670308217576181, guid: e099d4780cc04b5429ebb340d30b57f9,
        type: 3}
      propertyPath: m_LocalRotation.z
      value: -0
      objectReference: {fileID: 0}
    - target: {fileID: 4059670308217576181, guid: e099d4780cc04b5429ebb340d30b57f9,
        type: 3}
      propertyPath: m_LocalRotation.w
      value: 1
      objectReference: {fileID: 0}
    - target: {fileID: 4059670308217576181, guid: e099d4780cc04b5429ebb340d30b57f9,
        type: 3}
      propertyPath: m_RootOrder
      value: 8
      objectReference: {fileID: 0}
    - target: {fileID: 4059670308217576181, guid: e099d4780cc04b5429ebb340d30b57f9,
        type: 3}
      propertyPath: m_LocalEulerAnglesHint.x
      value: 0
      objectReference: {fileID: 0}
    - target: {fileID: 4059670308217576181, guid: e099d4780cc04b5429ebb340d30b57f9,
        type: 3}
      propertyPath: m_LocalEulerAnglesHint.y
      value: 0
      objectReference: {fileID: 0}
    - target: {fileID: 4059670308217576181, guid: e099d4780cc04b5429ebb340d30b57f9,
        type: 3}
      propertyPath: m_LocalEulerAnglesHint.z
      value: 0
      objectReference: {fileID: 0}
    - target: {fileID: 4059670308217576181, guid: e099d4780cc04b5429ebb340d30b57f9,
        type: 3}
      propertyPath: m_AnchoredPosition.x
      value: 0
      objectReference: {fileID: 0}
    - target: {fileID: 4059670308217576181, guid: e099d4780cc04b5429ebb340d30b57f9,
        type: 3}
      propertyPath: m_AnchoredPosition.y
      value: 144.3
      objectReference: {fileID: 0}
    - target: {fileID: 4059670308217576181, guid: e099d4780cc04b5429ebb340d30b57f9,
        type: 3}
      propertyPath: m_SizeDelta.x
      value: 290.96014
      objectReference: {fileID: 0}
    - target: {fileID: 4059670308217576181, guid: e099d4780cc04b5429ebb340d30b57f9,
        type: 3}
      propertyPath: m_SizeDelta.y
      value: 105
      objectReference: {fileID: 0}
    - target: {fileID: 4059670308217576181, guid: e099d4780cc04b5429ebb340d30b57f9,
        type: 3}
      propertyPath: m_AnchorMin.x
      value: 0.5
      objectReference: {fileID: 0}
    - target: {fileID: 4059670308217576181, guid: e099d4780cc04b5429ebb340d30b57f9,
        type: 3}
      propertyPath: m_AnchorMin.y
      value: 0
      objectReference: {fileID: 0}
    - target: {fileID: 4059670308217576181, guid: e099d4780cc04b5429ebb340d30b57f9,
        type: 3}
      propertyPath: m_AnchorMax.x
      value: 0.5
      objectReference: {fileID: 0}
    - target: {fileID: 4059670308217576181, guid: e099d4780cc04b5429ebb340d30b57f9,
        type: 3}
      propertyPath: m_AnchorMax.y
      value: 0
      objectReference: {fileID: 0}
    - target: {fileID: 4059670308217576181, guid: e099d4780cc04b5429ebb340d30b57f9,
        type: 3}
      propertyPath: m_Pivot.x
      value: 0.5
      objectReference: {fileID: 0}
    - target: {fileID: 4059670308217576181, guid: e099d4780cc04b5429ebb340d30b57f9,
        type: 3}
      propertyPath: m_Pivot.y
      value: 0
      objectReference: {fileID: 0}
    m_RemovedComponents: []
  m_SourcePrefab: {fileID: 100100000, guid: e099d4780cc04b5429ebb340d30b57f9, type: 3}
--- !u!114 &2275838161510244816 stripped
MonoBehaviour:
  m_CorrespondingSourceObject: {fileID: 3267278526869280693, guid: e099d4780cc04b5429ebb340d30b57f9,
    type: 3}
  m_PrefabInstance: {fileID: 3657717009352144485}
  m_PrefabAsset: {fileID: 0}
  m_GameObject: {fileID: 0}
  m_Enabled: 1
  m_EditorHideFlags: 0
  m_Script: {fileID: 11500000, guid: c4039a281b459794d997eb714ddbf5c2, type: 3}
  m_Name: 
  m_EditorClassIdentifier: 
--- !u!1001 &8131573695924898777
PrefabInstance:
  m_ObjectHideFlags: 0
  serializedVersion: 2
  m_Modification:
    m_TransformParent: {fileID: 8786496984443189998}
    m_Modifications:
    - target: {fileID: 1648160367884816, guid: df0b646a732c7d1429c5cda63ebaff88, type: 3}
      propertyPath: m_Name
      value: CloseButton
      objectReference: {fileID: 0}
    - target: {fileID: 224857085562569918, guid: df0b646a732c7d1429c5cda63ebaff88,
        type: 3}
      propertyPath: m_LocalPosition.x
      value: 0
      objectReference: {fileID: 0}
    - target: {fileID: 224857085562569918, guid: df0b646a732c7d1429c5cda63ebaff88,
        type: 3}
      propertyPath: m_LocalPosition.y
      value: 0
      objectReference: {fileID: 0}
    - target: {fileID: 224857085562569918, guid: df0b646a732c7d1429c5cda63ebaff88,
        type: 3}
      propertyPath: m_LocalPosition.z
      value: 0
      objectReference: {fileID: 0}
    - target: {fileID: 224857085562569918, guid: df0b646a732c7d1429c5cda63ebaff88,
        type: 3}
      propertyPath: m_LocalRotation.x
      value: -0
      objectReference: {fileID: 0}
    - target: {fileID: 224857085562569918, guid: df0b646a732c7d1429c5cda63ebaff88,
        type: 3}
      propertyPath: m_LocalRotation.y
      value: -0
      objectReference: {fileID: 0}
    - target: {fileID: 224857085562569918, guid: df0b646a732c7d1429c5cda63ebaff88,
        type: 3}
      propertyPath: m_LocalRotation.z
      value: -0
      objectReference: {fileID: 0}
    - target: {fileID: 224857085562569918, guid: df0b646a732c7d1429c5cda63ebaff88,
        type: 3}
      propertyPath: m_LocalRotation.w
      value: 1
      objectReference: {fileID: 0}
    - target: {fileID: 224857085562569918, guid: df0b646a732c7d1429c5cda63ebaff88,
        type: 3}
      propertyPath: m_RootOrder
      value: 7
      objectReference: {fileID: 0}
    - target: {fileID: 224857085562569918, guid: df0b646a732c7d1429c5cda63ebaff88,
        type: 3}
      propertyPath: m_LocalEulerAnglesHint.x
      value: 0
      objectReference: {fileID: 0}
    - target: {fileID: 224857085562569918, guid: df0b646a732c7d1429c5cda63ebaff88,
        type: 3}
      propertyPath: m_LocalEulerAnglesHint.y
      value: 0
      objectReference: {fileID: 0}
    - target: {fileID: 224857085562569918, guid: df0b646a732c7d1429c5cda63ebaff88,
        type: 3}
      propertyPath: m_LocalEulerAnglesHint.z
      value: 0
      objectReference: {fileID: 0}
    - target: {fileID: 224857085562569918, guid: df0b646a732c7d1429c5cda63ebaff88,
        type: 3}
      propertyPath: m_AnchoredPosition.x
      value: -47
      objectReference: {fileID: 0}
    - target: {fileID: 224857085562569918, guid: df0b646a732c7d1429c5cda63ebaff88,
        type: 3}
      propertyPath: m_AnchoredPosition.y
      value: 70
      objectReference: {fileID: 0}
    - target: {fileID: 224857085562569918, guid: df0b646a732c7d1429c5cda63ebaff88,
        type: 3}
      propertyPath: m_SizeDelta.x
      value: 100
      objectReference: {fileID: 0}
    - target: {fileID: 224857085562569918, guid: df0b646a732c7d1429c5cda63ebaff88,
        type: 3}
      propertyPath: m_SizeDelta.y
      value: 100
      objectReference: {fileID: 0}
    - target: {fileID: 224857085562569918, guid: df0b646a732c7d1429c5cda63ebaff88,
        type: 3}
      propertyPath: m_AnchorMin.x
      value: 1
      objectReference: {fileID: 0}
    - target: {fileID: 224857085562569918, guid: df0b646a732c7d1429c5cda63ebaff88,
        type: 3}
      propertyPath: m_AnchorMin.y
      value: 1
      objectReference: {fileID: 0}
    - target: {fileID: 224857085562569918, guid: df0b646a732c7d1429c5cda63ebaff88,
        type: 3}
      propertyPath: m_AnchorMax.x
      value: 1
      objectReference: {fileID: 0}
    - target: {fileID: 224857085562569918, guid: df0b646a732c7d1429c5cda63ebaff88,
        type: 3}
      propertyPath: m_AnchorMax.y
      value: 1
      objectReference: {fileID: 0}
    - target: {fileID: 224857085562569918, guid: df0b646a732c7d1429c5cda63ebaff88,
        type: 3}
      propertyPath: m_Pivot.x
      value: 0.5
      objectReference: {fileID: 0}
    - target: {fileID: 224857085562569918, guid: df0b646a732c7d1429c5cda63ebaff88,
        type: 3}
      propertyPath: m_Pivot.y
      value: 0.5
      objectReference: {fileID: 0}
    m_RemovedComponents: []
  m_SourcePrefab: {fileID: 100100000, guid: df0b646a732c7d1429c5cda63ebaff88, type: 3}
--- !u!1 &8132654095707222473 stripped
GameObject:
  m_CorrespondingSourceObject: {fileID: 1648160367884816, guid: df0b646a732c7d1429c5cda63ebaff88,
    type: 3}
  m_PrefabInstance: {fileID: 8131573695924898777}
  m_PrefabAsset: {fileID: 0}
