%YAML 1.1
%TAG !u! tag:unity3d.com,2011:
--- !u!1 &4122572802566820746
GameObject:
  m_ObjectHideFlags: 0
  m_CorrespondingSourceObject: {fileID: 0}
  m_PrefabInstance: {fileID: 0}
  m_PrefabAsset: {fileID: 0}
  serializedVersion: 6
  m_Component:
  - component: {fileID: 3978475117626059823}
  - component: {fileID: 7960653439528997030}
  - component: {fileID: 4556521312403269025}
  m_Layer: 5
  m_Name: Text
  m_TagString: Untagged
  m_Icon: {fileID: 0}
  m_NavMeshLayer: 0
  m_StaticEditorFlags: 0
  m_IsActive: 1
--- !u!224 &3978475117626059823
RectTransform:
  m_ObjectHideFlags: 0
  m_CorrespondingSourceObject: {fileID: 0}
  m_PrefabInstance: {fileID: 0}
  m_PrefabAsset: {fileID: 0}
  m_GameObject: {fileID: 4122572802566820746}
  m_LocalRotation: {x: 0, y: 0, z: 0, w: 1}
  m_LocalPosition: {x: 0, y: 0, z: 0}
  m_LocalScale: {x: 1, y: 1, z: 1}
  m_Children: []
  m_Father: {fileID: 79408801062164267}
  m_RootOrder: 3
  m_LocalEulerAnglesHint: {x: 0, y: 0, z: 0}
  m_AnchorMin: {x: 0, y: 0}
  m_AnchorMax: {x: 1, y: 0}
  m_AnchoredPosition: {x: -3.899994, y: 118.6}
  m_SizeDelta: {x: -101.02142, y: 212.66132}
  m_Pivot: {x: 0.5, y: 0.5}
--- !u!222 &7960653439528997030
CanvasRenderer:
  m_ObjectHideFlags: 0
  m_CorrespondingSourceObject: {fileID: 0}
  m_PrefabInstance: {fileID: 0}
  m_PrefabAsset: {fileID: 0}
  m_GameObject: {fileID: 4122572802566820746}
  m_CullTransparentMesh: 0
--- !u!114 &4556521312403269025
MonoBehaviour:
  m_ObjectHideFlags: 0
  m_CorrespondingSourceObject: {fileID: 0}
  m_PrefabInstance: {fileID: 0}
  m_PrefabAsset: {fileID: 0}
  m_GameObject: {fileID: 4122572802566820746}
  m_Enabled: 1
  m_EditorHideFlags: 0
  m_Script: {fileID: 11500000, guid: 5f7201a12d95ffc409449d95f23cf332, type: 3}
  m_Name: 
  m_EditorClassIdentifier: 
  m_Material: {fileID: 0}
  m_Color: {r: 0.19607843, g: 0.19607843, b: 0.19607843, a: 1}
  m_RaycastTarget: 1
  m_Maskable: 1
  m_OnCullStateChanged:
    m_PersistentCalls:
      m_Calls: []
  m_FontData:
    m_Font: {fileID: 12800000, guid: 0dd94cb49e8c3ae46a92708794094668, type: 3}
    m_FontSize: 14
    m_FontStyle: 0
    m_BestFit: 1
    m_MinSize: 10
    m_MaxSize: 40
    m_Alignment: 4
    m_AlignByGeometry: 0
    m_RichText: 1
    m_HorizontalOverflow: 0
    m_VerticalOverflow: 0
    m_LineSpacing: 1
  m_Text: New Text
--- !u!1 &5354111261136947899
GameObject:
  m_ObjectHideFlags: 0
  m_CorrespondingSourceObject: {fileID: 0}
  m_PrefabInstance: {fileID: 0}
  m_PrefabAsset: {fileID: 0}
  serializedVersion: 6
  m_Component:
  - component: {fileID: 7938569828463588746}
  - component: {fileID: 8980487822468447845}
  - component: {fileID: 3626676768367439979}
  m_Layer: 5
  m_Name: Image
  m_TagString: Untagged
  m_Icon: {fileID: 0}
  m_NavMeshLayer: 0
  m_StaticEditorFlags: 0
  m_IsActive: 1
--- !u!224 &7938569828463588746
RectTransform:
  m_ObjectHideFlags: 0
  m_CorrespondingSourceObject: {fileID: 0}
  m_PrefabInstance: {fileID: 0}
  m_PrefabAsset: {fileID: 0}
  m_GameObject: {fileID: 5354111261136947899}
  m_LocalRotation: {x: 0, y: 0, z: 0, w: 1}
  m_LocalPosition: {x: 0, y: 0, z: 0}
  m_LocalScale: {x: 1, y: 1, z: 1}
  m_Children: []
  m_Father: {fileID: 79408801062164267}
  m_RootOrder: 2
  m_LocalEulerAnglesHint: {x: 0, y: 0, z: 0}
  m_AnchorMin: {x: 0.5, y: 1}
  m_AnchorMax: {x: 0.5, y: 1}
  m_AnchoredPosition: {x: 0, y: -165}
  m_SizeDelta: {x: 200, y: 200}
  m_Pivot: {x: 0.5, y: 0.5}
--- !u!222 &8980487822468447845
CanvasRenderer:
  m_ObjectHideFlags: 0
  m_CorrespondingSourceObject: {fileID: 0}
  m_PrefabInstance: {fileID: 0}
  m_PrefabAsset: {fileID: 0}
  m_GameObject: {fileID: 5354111261136947899}
  m_CullTransparentMesh: 0
--- !u!114 &3626676768367439979
MonoBehaviour:
  m_ObjectHideFlags: 0
  m_CorrespondingSourceObject: {fileID: 0}
  m_PrefabInstance: {fileID: 0}
  m_PrefabAsset: {fileID: 0}
  m_GameObject: {fileID: 5354111261136947899}
  m_Enabled: 1
  m_EditorHideFlags: 0
  m_Script: {fileID: 11500000, guid: fe87c0e1cc204ed48ad3b37840f39efc, type: 3}
  m_Name: 
  m_EditorClassIdentifier: 
  m_Material: {fileID: 0}
  m_Color: {r: 1, g: 1, b: 1, a: 1}
  m_RaycastTarget: 1
  m_Maskable: 1
  m_OnCullStateChanged:
    m_PersistentCalls:
      m_Calls: []
  m_Sprite: {fileID: 21300000, guid: b4ef9559098d452468fb08d81b0f90cc, type: 3}
  m_Type: 0
  m_PreserveAspect: 0
  m_FillCenter: 1
  m_FillMethod: 4
  m_FillAmount: 1
  m_FillClockwise: 1
  m_FillOrigin: 0
  m_UseSpriteMesh: 0
  m_PixelsPerUnitMultiplier: 1
--- !u!114 &2513422401605103111
MonoBehaviour:
  m_ObjectHideFlags: 0
  m_CorrespondingSourceObject: {fileID: 0}
  m_PrefabInstance: {fileID: 0}
  m_PrefabAsset: {fileID: 0}
  m_GameObject: {fileID: 79408801062164260}
  m_Enabled: 1
  m_EditorHideFlags: 0
  m_Script: {fileID: 11500000, guid: f4a15888a4d44ff47808d69fd0041cd1, type: 3}
  m_Name: 
  m_EditorClassIdentifier: 
  mainImage: {fileID: 0}
  lookComponentsInChildren: 0
  componentChild: {fileID: 0}
  isInteractable: 0
  buttonIcon: {fileID: 0}
  isDraggable: 0
  lockX: 0
  lockY: 0
  rangeLeftX: 0
  rangeRightX: 0
  rangeLeftY: 0
  rangeRightY: 0
  initPosition: {x: 0, y: 0}
  isAnimatable: 0
  punchSizeIncrement: 0
  punchTimeLength: 0
  anim: 0
  isOutlinable: 0
  outlineImage: {fileID: 0}
  outlineTime: 0
  isTintable: 0
  tintDuration: 0
  useAnimatableTimeScale: 0
  isHoldable: 0
  hasTouchSound: 0
  sound: 0
  audioController: {fileID: 11400000, guid: 33f1758c29a0a914aaf54153e0d60ddf, type: 2}
  isRealTimeUpdateable: 0
  usesBadge: 0
  badge: {fileID: 0}
  uiController: {fileID: 11400000, guid: de75965cb8b912e49960642082c05519, type: 2}
  isHighlightable: 0
  highlightOnUnlocking: 0
  unlockingHighlightTime: 0
  highlightedTimes: 0
  tapsToStopHighlight: 0
  hasStrongHighlight: 0
  strongHighlight: {fileID: 0}
  taps: 0
  isLocalizable: 1
  loc: {fileID: 11400000, guid: a37450c4e762fd048bf828a2e93544cc, type: 2}
  uiLocalizables:
  - stringRef:
      stringVariable: {fileID: 0}
      constant: 
      locKey: WRONG_TITLE
      locValue: 
      lang: 0
      usedValue: 2
      loc: {fileID: 11400000, guid: a37450c4e762fd048bf828a2e93544cc, type: 2}
    txt: {fileID: 95951777030907646}
  isBankListener: 0
  bank: {fileID: 0}
  currenciesToListen: 
  hasWarnings: 0
  usesColorModule: 0
  mainColor: {r: 0, g: 0, b: 0, a: 0}
  touchedColor: {r: 0, g: 0, b: 0, a: 0}
  highlightColor: {r: 0, g: 0, b: 0, a: 0}
  lockedColor: {r: 0, g: 0, b: 0, a: 0}
  colorizableController: {fileID: 0}
  doesOverridePalette: 0
  usesCloseButton: 0
  closeButton: {fileID: 0}
  clickableLayer: {fileID: 0}
  makeOverlayTransparent: 0
  overrideOverlayColor: 1
  overlayOverrideColorKey: warning
  overlayAlpha: 0
  skipClosingFromOverlay: 1
  blueOverlayUsesPattern: 1
  skipGaugesOnTop: 1
  container: {fileID: 0}
  animatableOnInvoke: 0
  animType: 0
  invokeAnimTime: 0
  displaySoundOnInkove: 1
  invokableSound: 515994827
  popupSize: 0
  blueCurtainReference: {fileID: 0}
  message: {fileID: 4556521312403269025}
  mailButton: {fileID: 0}
--- !u!1001 &6586951911089607014
PrefabInstance:
  m_ObjectHideFlags: 0
  serializedVersion: 2
  m_Modification:
    m_TransformParent: {fileID: 0}
    m_Modifications:
    - target: {fileID: 6517711687842924098, guid: 1edc9e7b9314a90499ee6feb554f951f,
        type: 3}
      propertyPath: m_Name
      value: CorruptedSaveNotifier
      objectReference: {fileID: 0}
    - target: {fileID: 6517711687842924109, guid: 1edc9e7b9314a90499ee6feb554f951f,
        type: 3}
      propertyPath: m_LocalPosition.x
      value: 0
      objectReference: {fileID: 0}
    - target: {fileID: 6517711687842924109, guid: 1edc9e7b9314a90499ee6feb554f951f,
        type: 3}
      propertyPath: m_LocalPosition.y
      value: 0
      objectReference: {fileID: 0}
    - target: {fileID: 6517711687842924109, guid: 1edc9e7b9314a90499ee6feb554f951f,
        type: 3}
      propertyPath: m_LocalPosition.z
      value: 0
      objectReference: {fileID: 0}
    - target: {fileID: 6517711687842924109, guid: 1edc9e7b9314a90499ee6feb554f951f,
        type: 3}
      propertyPath: m_LocalRotation.x
      value: 0
      objectReference: {fileID: 0}
    - target: {fileID: 6517711687842924109, guid: 1edc9e7b9314a90499ee6feb554f951f,
        type: 3}
      propertyPath: m_LocalRotation.y
      value: 0
      objectReference: {fileID: 0}
    - target: {fileID: 6517711687842924109, guid: 1edc9e7b9314a90499ee6feb554f951f,
        type: 3}
      propertyPath: m_LocalRotation.z
      value: 0
      objectReference: {fileID: 0}
    - target: {fileID: 6517711687842924109, guid: 1edc9e7b9314a90499ee6feb554f951f,
        type: 3}
      propertyPath: m_LocalRotation.w
      value: 1
      objectReference: {fileID: 0}
    - target: {fileID: 6517711687842924109, guid: 1edc9e7b9314a90499ee6feb554f951f,
        type: 3}
      propertyPath: m_RootOrder
      value: 0
      objectReference: {fileID: 0}
    - target: {fileID: 6517711687842924109, guid: 1edc9e7b9314a90499ee6feb554f951f,
        type: 3}
      propertyPath: m_LocalEulerAnglesHint.x
      value: 0
      objectReference: {fileID: 0}
    - target: {fileID: 6517711687842924109, guid: 1edc9e7b9314a90499ee6feb554f951f,
        type: 3}
      propertyPath: m_LocalEulerAnglesHint.y
      value: 0
      objectReference: {fileID: 0}
    - target: {fileID: 6517711687842924109, guid: 1edc9e7b9314a90499ee6feb554f951f,
        type: 3}
      propertyPath: m_LocalEulerAnglesHint.z
      value: 0
      objectReference: {fileID: 0}
    - target: {fileID: 6517711687842924109, guid: 1edc9e7b9314a90499ee6feb554f951f,
        type: 3}
      propertyPath: m_AnchoredPosition.x
      value: 0
      objectReference: {fileID: 0}
    - target: {fileID: 6517711687842924109, guid: 1edc9e7b9314a90499ee6feb554f951f,
        type: 3}
      propertyPath: m_AnchoredPosition.y
      value: -500
      objectReference: {fileID: 0}
    - target: {fileID: 6517711687842924109, guid: 1edc9e7b9314a90499ee6feb554f951f,
        type: 3}
      propertyPath: m_SizeDelta.x
      value: 815
      objectReference: {fileID: 0}
    - target: {fileID: 6517711687842924109, guid: 1edc9e7b9314a90499ee6feb554f951f,
        type: 3}
      propertyPath: m_SizeDelta.y
      value: 526.6658
      objectReference: {fileID: 0}
    - target: {fileID: 6517711687842924109, guid: 1edc9e7b9314a90499ee6feb554f951f,
        type: 3}
      propertyPath: m_AnchorMin.x
      value: 0.5
      objectReference: {fileID: 0}
    - target: {fileID: 6517711687842924109, guid: 1edc9e7b9314a90499ee6feb554f951f,
        type: 3}
      propertyPath: m_AnchorMin.y
      value: 1
      objectReference: {fileID: 0}
    - target: {fileID: 6517711687842924109, guid: 1edc9e7b9314a90499ee6feb554f951f,
        type: 3}
      propertyPath: m_AnchorMax.x
      value: 0.5
      objectReference: {fileID: 0}
    - target: {fileID: 6517711687842924109, guid: 1edc9e7b9314a90499ee6feb554f951f,
        type: 3}
      propertyPath: m_AnchorMax.y
      value: 1
      objectReference: {fileID: 0}
    - target: {fileID: 6517711687842924109, guid: 1edc9e7b9314a90499ee6feb554f951f,
        type: 3}
      propertyPath: m_Pivot.x
      value: 0.5
      objectReference: {fileID: 0}
    - target: {fileID: 6517711687842924109, guid: 1edc9e7b9314a90499ee6feb554f951f,
        type: 3}
      propertyPath: m_Pivot.y
      value: 1
      objectReference: {fileID: 0}
    m_RemovedComponents: []
  m_SourcePrefab: {fileID: 100100000, guid: 1edc9e7b9314a90499ee6feb554f951f, type: 3}
--- !u!1 &79408801062164260 stripped
GameObject:
  m_CorrespondingSourceObject: {fileID: 6517711687842924098, guid: 1edc9e7b9314a90499ee6feb554f951f,
    type: 3}
  m_PrefabInstance: {fileID: 6586951911089607014}
  m_PrefabAsset: {fileID: 0}
--- !u!224 &79408801062164267 stripped
RectTransform:
  m_CorrespondingSourceObject: {fileID: 6517711687842924109, guid: 1edc9e7b9314a90499ee6feb554f951f,
    type: 3}
  m_PrefabInstance: {fileID: 6586951911089607014}
  m_PrefabAsset: {fileID: 0}
--- !u!114 &95951777030907646 stripped
MonoBehaviour:
  m_CorrespondingSourceObject: {fileID: 6502474929478121368, guid: 1edc9e7b9314a90499ee6feb554f951f,
    type: 3}
  m_PrefabInstance: {fileID: 6586951911089607014}
  m_PrefabAsset: {fileID: 0}
  m_GameObject: {fileID: 0}
  m_Enabled: 1
  m_EditorHideFlags: 0
  m_Script: {fileID: 11500000, guid: 5f7201a12d95ffc409449d95f23cf332, type: 3}
  m_Name: 
  m_EditorClassIdentifier: 
