%YAML 1.1
%TAG !u! tag:unity3d.com,2011:
--- !u!1 &480527657431296358
GameObject:
  m_ObjectHideFlags: 0
  m_CorrespondingSourceObject: {fileID: 0}
  m_PrefabInstance: {fileID: 0}
  m_PrefabAsset: {fileID: 0}
  serializedVersion: 6
  m_Component:
  - component: {fileID: 4367885452127181640}
  - component: {fileID: 7403118247698618170}
  m_Layer: 8
  m_Name: obs2
  m_TagString: Untagged
  m_Icon: {fileID: 0}
  m_NavMeshLayer: 0
  m_StaticEditorFlags: 8
  m_IsActive: 1
--- !u!4 &4367885452127181640
Transform:
  m_ObjectHideFlags: 0
  m_CorrespondingSourceObject: {fileID: 0}
  m_PrefabInstance: {fileID: 0}
  m_PrefabAsset: {fileID: 0}
  m_GameObject: {fileID: 480527657431296358}
  m_LocalRotation: {x: -0, y: -0, z: -0, w: 1}
  m_LocalPosition: {x: 0.811, y: 0.416, z: 0.293}
  m_LocalScale: {x: 0.264693, y: 1.2499, z: -1.6566808}
  m_Children: []
  m_Father: {fileID: 2676936159477019745}
  m_RootOrder: 1
  m_LocalEulerAnglesHint: {x: 0, y: 0, z: 0}
--- !u!208 &7403118247698618170
NavMeshObstacle:
  m_ObjectHideFlags: 0
  m_CorrespondingSourceObject: {fileID: 0}
  m_PrefabInstance: {fileID: 0}
  m_PrefabAsset: {fileID: 0}
  m_GameObject: {fileID: 480527657431296358}
  m_Enabled: 1
  serializedVersion: 3
  m_Shape: 1
  m_Extents: {x: 0.5, y: 0.5, z: 0.5}
  m_MoveThreshold: 0.1
  m_Carve: 1
  m_CarveOnlyStationary: 1
  m_Center: {x: 0, y: 0, z: 0}
  m_TimeToStationary: 0.5
--- !u!1 &1685528226901809675
GameObject:
  m_ObjectHideFlags: 0
  m_CorrespondingSourceObject: {fileID: 0}
  m_PrefabInstance: {fileID: 0}
  m_PrefabAsset: {fileID: 0}
  serializedVersion: 6
  m_Component:
  - component: {fileID: 2676936159477019745}
  m_Layer: 8
  m_Name: Obstacles
  m_TagString: Untagged
  m_Icon: {fileID: 0}
  m_NavMeshLayer: 0
  m_StaticEditorFlags: 8
  m_IsActive: 1
--- !u!4 &2676936159477019745
Transform:
  m_ObjectHideFlags: 0
  m_CorrespondingSourceObject: {fileID: 0}
  m_PrefabInstance: {fileID: 0}
  m_PrefabAsset: {fileID: 0}
  m_GameObject: {fileID: 1685528226901809675}
  m_LocalRotation: {x: -0, y: -0, z: -0, w: 1}
  m_LocalPosition: {x: -0.081, y: 0.076, z: -0.287}
  m_LocalScale: {x: 1, y: 1, z: 1}
  m_Children:
  - {fileID: 6749884075449017765}
  - {fileID: 4367885452127181640}
  - {fileID: 6237392655328293112}
  m_Father: {fileID: 1784908639974687309}
  m_RootOrder: 2
  m_LocalEulerAnglesHint: {x: 0, y: 0, z: 0}
--- !u!1 &1784908639974202989
GameObject:
  m_ObjectHideFlags: 0
  m_CorrespondingSourceObject: {fileID: 0}
  m_PrefabInstance: {fileID: 0}
  m_PrefabAsset: {fileID: 0}
  serializedVersion: 6
  m_Component:
  - component: {fileID: 1784908639974687309}
  - component: {fileID: 1784908639971295865}
  - component: {fileID: 1784908639972261945}
  m_Layer: 0
  m_Name: Hospital01
  m_TagString: Untagged
  m_Icon: {fileID: 0}
  m_NavMeshLayer: 0
  m_StaticEditorFlags: 8
  m_IsActive: 1
--- !u!4 &1784908639974687309
Transform:
  m_ObjectHideFlags: 0
  m_CorrespondingSourceObject: {fileID: 0}
  m_PrefabInstance: {fileID: 0}
  m_PrefabAsset: {fileID: 0}
  m_GameObject: {fileID: 1784908639974202989}
  m_LocalRotation: {x: 0, y: 0, z: 0, w: 1}
  m_LocalPosition: {x: 0.96000004, y: 0.17, z: -1.01}
  m_LocalScale: {x: 1, y: 1, z: 1}
  m_Children:
  - {fileID: 6266835613597497698}
  - {fileID: 4455384505551434844}
  - {fileID: 2676936159477019745}
  - {fileID: 4858088176174677322}
  - {fileID: 4186880230967031430}
  m_Father: {fileID: 0}
  m_RootOrder: 0
  m_LocalEulerAnglesHint: {x: 0, y: 0, z: 0}
--- !u!33 &1784908639971295865
MeshFilter:
  m_ObjectHideFlags: 0
  m_CorrespondingSourceObject: {fileID: 0}
  m_PrefabInstance: {fileID: 0}
  m_PrefabAsset: {fileID: 0}
  m_GameObject: {fileID: 1784908639974202989}
  m_Mesh: {fileID: 4300000, guid: 797b11b64bf01874ca0df745a4d076d2, type: 3}
--- !u!23 &1784908639972261945
MeshRenderer:
  m_ObjectHideFlags: 0
  m_CorrespondingSourceObject: {fileID: 0}
  m_PrefabInstance: {fileID: 0}
  m_PrefabAsset: {fileID: 0}
  m_GameObject: {fileID: 1784908639974202989}
  m_Enabled: 1
  m_CastShadows: 1
  m_ReceiveShadows: 1
  m_DynamicOccludee: 1
  m_MotionVectors: 1
  m_LightProbeUsage: 1
  m_ReflectionProbeUsage: 1
  m_RayTracingMode: 2
  m_RenderingLayerMask: 1
  m_RendererPriority: 0
  m_Materials:
  - {fileID: 2100000, guid: 347eadb05c20ae147b243db5bdc9e20e, type: 2}
  m_StaticBatchInfo:
    firstSubMesh: 0
    subMeshCount: 0
  m_StaticBatchRoot: {fileID: 0}
  m_ProbeAnchor: {fileID: 0}
  m_LightProbeVolumeOverride: {fileID: 0}
  m_ScaleInLightmap: 1
  m_ReceiveGI: 1
  m_PreserveUVs: 0
  m_IgnoreNormalsForChartDetection: 0
  m_ImportantGI: 0
  m_StitchLightmapSeams: 0
  m_SelectedEditorRenderState: 3
  m_MinimumChartSize: 4
  m_AutoUVMaxDistance: 0.5
  m_AutoUVMaxAngle: 89
  m_LightmapParameters: {fileID: 0}
  m_SortingLayerID: 0
  m_SortingLayer: 0
  m_SortingOrder: 0
--- !u!1 &4486601479511488903
GameObject:
  m_ObjectHideFlags: 0
  m_CorrespondingSourceObject: {fileID: 0}
  m_PrefabInstance: {fileID: 0}
  m_PrefabAsset: {fileID: 0}
  serializedVersion: 6
  m_Component:
  - component: {fileID: 6749884075449017765}
  - component: {fileID: 4771410188052182921}
  m_Layer: 8
  m_Name: obs1
  m_TagString: Untagged
  m_Icon: {fileID: 0}
  m_NavMeshLayer: 0
  m_StaticEditorFlags: 8
  m_IsActive: 1
--- !u!4 &6749884075449017765
Transform:
  m_ObjectHideFlags: 0
  m_CorrespondingSourceObject: {fileID: 0}
  m_PrefabInstance: {fileID: 0}
  m_PrefabAsset: {fileID: 0}
  m_GameObject: {fileID: 4486601479511488903}
  m_LocalRotation: {x: -0, y: -0, z: -0, w: 1}
  m_LocalPosition: {x: 0.089, y: 0.543, z: 0.83}
  m_LocalScale: {x: 35.022182, y: 1.4003, z: -0.6111307}
  m_Children: []
  m_Father: {fileID: 2676936159477019745}
  m_RootOrder: 0
  m_LocalEulerAnglesHint: {x: 0, y: 0, z: 0}
--- !u!208 &4771410188052182921
NavMeshObstacle:
  m_ObjectHideFlags: 0
  m_CorrespondingSourceObject: {fileID: 0}
  m_PrefabInstance: {fileID: 0}
  m_PrefabAsset: {fileID: 0}
  m_GameObject: {fileID: 4486601479511488903}
  m_Enabled: 1
  serializedVersion: 3
  m_Shape: 1
  m_Extents: {x: 0.025, y: 0.5, z: 0.5}
  m_MoveThreshold: 0.1
  m_Carve: 1
  m_CarveOnlyStationary: 1
  m_Center: {x: 0, y: 0, z: 0}
  m_TimeToStationary: 0.5
--- !u!1 &5904453190165829581
GameObject:
  m_ObjectHideFlags: 0
  m_CorrespondingSourceObject: {fileID: 0}
  m_PrefabInstance: {fileID: 0}
  m_PrefabAsset: {fileID: 0}
  serializedVersion: 6
  m_Component:
  - component: {fileID: 6266835613597497698}
  m_Layer: 0
  m_Name: NewBornSocket
  m_TagString: Untagged
  m_Icon: {fileID: 0}
  m_NavMeshLayer: 0
  m_StaticEditorFlags: 8
  m_IsActive: 1
--- !u!4 &6266835613597497698
Transform:
  m_ObjectHideFlags: 0
  m_CorrespondingSourceObject: {fileID: 0}
  m_PrefabInstance: {fileID: 0}
  m_PrefabAsset: {fileID: 0}
  m_GameObject: {fileID: 5904453190165829581}
  m_LocalRotation: {x: 0, y: 0, z: 0, w: 1}
  m_LocalPosition: {x: -0.346, y: 0.808, z: -0.067}
  m_LocalScale: {x: 1, y: 1, z: 1}
  m_Children:
  - {fileID: 6041212207664729295}
  m_Father: {fileID: 1784908639974687309}
  m_RootOrder: 0
  m_LocalEulerAnglesHint: {x: 0, y: 0, z: 0}
--- !u!1 &6810555872726062639
GameObject:
  m_ObjectHideFlags: 0
  m_CorrespondingSourceObject: {fileID: 0}
  m_PrefabInstance: {fileID: 0}
  m_PrefabAsset: {fileID: 0}
  serializedVersion: 6
  m_Component:
  - component: {fileID: 6237392655328293112}
  - component: {fileID: 7500790812747276866}
  m_Layer: 8
  m_Name: obs1 (1)
  m_TagString: Untagged
  m_Icon: {fileID: 0}
  m_NavMeshLayer: 0
  m_StaticEditorFlags: 8
  m_IsActive: 1
--- !u!4 &6237392655328293112
Transform:
  m_ObjectHideFlags: 0
  m_CorrespondingSourceObject: {fileID: 0}
  m_PrefabInstance: {fileID: 0}
  m_PrefabAsset: {fileID: 0}
  m_GameObject: {fileID: 6810555872726062639}
  m_LocalRotation: {x: -0, y: -0, z: -0, w: 1}
  m_LocalPosition: {x: 0.089, y: 0.543, z: -0.264}
  m_LocalScale: {x: 35.022182, y: 1.3507, z: -0.5756001}
  m_Children: []
  m_Father: {fileID: 2676936159477019745}
  m_RootOrder: 2
  m_LocalEulerAnglesHint: {x: 0, y: 0, z: 0}
--- !u!208 &7500790812747276866
NavMeshObstacle:
  m_ObjectHideFlags: 0
  m_CorrespondingSourceObject: {fileID: 0}
  m_PrefabInstance: {fileID: 0}
  m_PrefabAsset: {fileID: 0}
  m_GameObject: {fileID: 6810555872726062639}
  m_Enabled: 1
  serializedVersion: 3
  m_Shape: 1
  m_Extents: {x: 0.025, y: 0.5, z: 0.5}
  m_MoveThreshold: 0.1
  m_Carve: 1
  m_CarveOnlyStationary: 1
  m_Center: {x: 0, y: 0, z: 0}
  m_TimeToStationary: 0.5
--- !u!1 &8704870030586426238
GameObject:
  m_ObjectHideFlags: 0
  m_CorrespondingSourceObject: {fileID: 0}
  m_PrefabInstance: {fileID: 0}
  m_PrefabAsset: {fileID: 0}
  serializedVersion: 6
  m_Component:
  - component: {fileID: 4186880230967031430}
  - component: {fileID: 321507504672828780}
  m_Layer: 8
  m_Name: HospitalCollider
  m_TagString: Untagged
  m_Icon: {fileID: 0}
  m_NavMeshLayer: 0
  m_StaticEditorFlags: 0
  m_IsActive: 1
--- !u!4 &4186880230967031430
Transform:
  m_ObjectHideFlags: 0
  m_CorrespondingSourceObject: {fileID: 0}
  m_PrefabInstance: {fileID: 0}
  m_PrefabAsset: {fileID: 0}
  m_GameObject: {fileID: 8704870030586426238}
  m_LocalRotation: {x: -0, y: -0, z: -0, w: 1}
  m_LocalPosition: {x: 0, y: 0.46, z: 0}
  m_LocalScale: {x: 1.57355, y: 0.94636, z: 1.57329}
  m_Children: []
  m_Father: {fileID: 1784908639974687309}
  m_RootOrder: 4
  m_LocalEulerAnglesHint: {x: 0, y: 0, z: 0}
--- !u!65 &321507504672828780
BoxCollider:
  m_ObjectHideFlags: 0
  m_CorrespondingSourceObject: {fileID: 0}
  m_PrefabInstance: {fileID: 0}
  m_PrefabAsset: {fileID: 0}
  m_GameObject: {fileID: 8704870030586426238}
  m_Material: {fileID: 0}
  m_IsTrigger: 0
  m_Enabled: 1
  serializedVersion: 2
  m_Size: {x: 1, y: 1, z: 1}
  m_Center: {x: 0, y: 0, z: 0}
--- !u!1001 &689103414399253861
PrefabInstance:
  m_ObjectHideFlags: 0
  serializedVersion: 2
  m_Modification:
    m_TransformParent: {fileID: 6266835613597497698}
    m_Modifications:
    - target: {fileID: 56041108768594572, guid: ec4644008a335484d923b109925b7d19,
        type: 3}
      propertyPath: m_StaticEditorFlags
      value: 8
      objectReference: {fileID: 0}
    - target: {fileID: 220541841634620333, guid: ec4644008a335484d923b109925b7d19,
        type: 3}
      propertyPath: m_StaticEditorFlags
      value: 8
      objectReference: {fileID: 0}
    - target: {fileID: 642034831859253829, guid: ec4644008a335484d923b109925b7d19,
        type: 3}
      propertyPath: m_StaticEditorFlags
      value: 8
      objectReference: {fileID: 0}
    - target: {fileID: 1799763843086742560, guid: ec4644008a335484d923b109925b7d19,
        type: 3}
      propertyPath: m_StaticEditorFlags
      value: 8
      objectReference: {fileID: 0}
    - target: {fileID: 1806663127099649884, guid: ec4644008a335484d923b109925b7d19,
        type: 3}
      propertyPath: m_StaticEditorFlags
      value: 8
      objectReference: {fileID: 0}
    - target: {fileID: 1961446615374178135, guid: ec4644008a335484d923b109925b7d19,
        type: 3}
      propertyPath: m_StaticEditorFlags
      value: 8
      objectReference: {fileID: 0}
    - target: {fileID: 2067292249219801712, guid: ec4644008a335484d923b109925b7d19,
        type: 3}
      propertyPath: m_StaticEditorFlags
      value: 8
      objectReference: {fileID: 0}
    - target: {fileID: 2125342541527277089, guid: ec4644008a335484d923b109925b7d19,
        type: 3}
      propertyPath: m_StaticEditorFlags
      value: 8
      objectReference: {fileID: 0}
    - target: {fileID: 2716631293659277039, guid: ec4644008a335484d923b109925b7d19,
        type: 3}
      propertyPath: m_StaticEditorFlags
      value: 8
      objectReference: {fileID: 0}
    - target: {fileID: 3014480075724937100, guid: ec4644008a335484d923b109925b7d19,
        type: 3}
      propertyPath: m_StaticEditorFlags
      value: 8
      objectReference: {fileID: 0}
    - target: {fileID: 3315466685351548442, guid: ec4644008a335484d923b109925b7d19,
        type: 3}
      propertyPath: m_StaticEditorFlags
      value: 8
      objectReference: {fileID: 0}
    - target: {fileID: 3331714947134901611, guid: ec4644008a335484d923b109925b7d19,
        type: 3}
      propertyPath: m_StaticEditorFlags
      value: 8
      objectReference: {fileID: 0}
    - target: {fileID: 3371191004125196313, guid: ec4644008a335484d923b109925b7d19,
        type: 3}
      propertyPath: m_StaticEditorFlags
      value: 8
      objectReference: {fileID: 0}
    - target: {fileID: 3874135805543914041, guid: ec4644008a335484d923b109925b7d19,
        type: 3}
      propertyPath: m_StaticEditorFlags
      value: 8
      objectReference: {fileID: 0}
    - target: {fileID: 4276267662074887596, guid: ec4644008a335484d923b109925b7d19,
        type: 3}
      propertyPath: m_StaticEditorFlags
      value: 8
      objectReference: {fileID: 0}
    - target: {fileID: 5567498563618098755, guid: ec4644008a335484d923b109925b7d19,
        type: 3}
      propertyPath: m_StaticEditorFlags
      value: 8
      objectReference: {fileID: 0}
    - target: {fileID: 5573900092197185017, guid: ec4644008a335484d923b109925b7d19,
        type: 3}
      propertyPath: m_StaticEditorFlags
      value: 8
      objectReference: {fileID: 0}
    - target: {fileID: 5765231558521343437, guid: ec4644008a335484d923b109925b7d19,
        type: 3}
      propertyPath: m_StaticEditorFlags
      value: 8
      objectReference: {fileID: 0}
    - target: {fileID: 5912608177804657970, guid: ec4644008a335484d923b109925b7d19,
        type: 3}
      propertyPath: m_StaticEditorFlags
      value: 8
      objectReference: {fileID: 0}
    - target: {fileID: 5914162685769990321, guid: ec4644008a335484d923b109925b7d19,
        type: 3}
      propertyPath: m_StaticEditorFlags
      value: 8
      objectReference: {fileID: 0}
    - target: {fileID: 6198554729964600694, guid: ec4644008a335484d923b109925b7d19,
        type: 3}
      propertyPath: m_StaticEditorFlags
      value: 8
      objectReference: {fileID: 0}
    - target: {fileID: 6505059993419166122, guid: ec4644008a335484d923b109925b7d19,
        type: 3}
      propertyPath: m_LocalPosition.x
      value: 0
      objectReference: {fileID: 0}
    - target: {fileID: 6505059993419166122, guid: ec4644008a335484d923b109925b7d19,
        type: 3}
      propertyPath: m_LocalPosition.y
      value: 0
      objectReference: {fileID: 0}
    - target: {fileID: 6505059993419166122, guid: ec4644008a335484d923b109925b7d19,
        type: 3}
      propertyPath: m_LocalPosition.z
      value: 0
      objectReference: {fileID: 0}
    - target: {fileID: 6505059993419166122, guid: ec4644008a335484d923b109925b7d19,
        type: 3}
      propertyPath: m_LocalRotation.x
      value: -0
      objectReference: {fileID: 0}
    - target: {fileID: 6505059993419166122, guid: ec4644008a335484d923b109925b7d19,
        type: 3}
      propertyPath: m_LocalRotation.y
      value: -0
      objectReference: {fileID: 0}
    - target: {fileID: 6505059993419166122, guid: ec4644008a335484d923b109925b7d19,
        type: 3}
      propertyPath: m_LocalRotation.z
      value: -0
      objectReference: {fileID: 0}
    - target: {fileID: 6505059993419166122, guid: ec4644008a335484d923b109925b7d19,
        type: 3}
      propertyPath: m_LocalRotation.w
      value: 1
      objectReference: {fileID: 0}
    - target: {fileID: 6505059993419166122, guid: ec4644008a335484d923b109925b7d19,
        type: 3}
      propertyPath: m_RootOrder
      value: 0
      objectReference: {fileID: 0}
    - target: {fileID: 6505059993419166122, guid: ec4644008a335484d923b109925b7d19,
        type: 3}
      propertyPath: m_LocalEulerAnglesHint.x
      value: 0
      objectReference: {fileID: 0}
    - target: {fileID: 6505059993419166122, guid: ec4644008a335484d923b109925b7d19,
        type: 3}
      propertyPath: m_LocalEulerAnglesHint.y
      value: 0
      objectReference: {fileID: 0}
    - target: {fileID: 6505059993419166122, guid: ec4644008a335484d923b109925b7d19,
        type: 3}
      propertyPath: m_LocalEulerAnglesHint.z
      value: 0
      objectReference: {fileID: 0}
    - target: {fileID: 6505059993419328906, guid: ec4644008a335484d923b109925b7d19,
        type: 3}
      propertyPath: m_Name
      value: NewBorn
      objectReference: {fileID: 0}
    - target: {fileID: 6505059993419328906, guid: ec4644008a335484d923b109925b7d19,
        type: 3}
      propertyPath: m_IsActive
      value: 0
      objectReference: {fileID: 0}
    - target: {fileID: 6505059993419328906, guid: ec4644008a335484d923b109925b7d19,
        type: 3}
      propertyPath: m_StaticEditorFlags
      value: 8
      objectReference: {fileID: 0}
    - target: {fileID: 6505059993419328908, guid: ec4644008a335484d923b109925b7d19,
        type: 3}
      propertyPath: m_StaticEditorFlags
      value: 8
      objectReference: {fileID: 0}
    - target: {fileID: 6505059993419328910, guid: ec4644008a335484d923b109925b7d19,
        type: 3}
      propertyPath: m_StaticEditorFlags
      value: 8
      objectReference: {fileID: 0}
    - target: {fileID: 6505059993419329008, guid: ec4644008a335484d923b109925b7d19,
        type: 3}
      propertyPath: m_StaticEditorFlags
      value: 8
      objectReference: {fileID: 0}
    - target: {fileID: 6610707437671629442, guid: ec4644008a335484d923b109925b7d19,
        type: 3}
      propertyPath: m_StaticEditorFlags
      value: 8
      objectReference: {fileID: 0}
    - target: {fileID: 6716210502171650179, guid: ec4644008a335484d923b109925b7d19,
        type: 3}
      propertyPath: m_StaticEditorFlags
      value: 8
      objectReference: {fileID: 0}
    - target: {fileID: 6966372301172144837, guid: ec4644008a335484d923b109925b7d19,
        type: 3}
      propertyPath: m_StaticEditorFlags
      value: 8
      objectReference: {fileID: 0}
    - target: {fileID: 7035768183611131178, guid: ec4644008a335484d923b109925b7d19,
        type: 3}
      propertyPath: m_StaticEditorFlags
      value: 8
      objectReference: {fileID: 0}
    - target: {fileID: 7265190971404711727, guid: ec4644008a335484d923b109925b7d19,
        type: 3}
      propertyPath: m_StaticEditorFlags
      value: 8
      objectReference: {fileID: 0}
    - target: {fileID: 7796797220264377875, guid: ec4644008a335484d923b109925b7d19,
        type: 3}
      propertyPath: m_StaticEditorFlags
      value: 8
      objectReference: {fileID: 0}
    - target: {fileID: 7896779219163455726, guid: ec4644008a335484d923b109925b7d19,
        type: 3}
      propertyPath: m_StaticEditorFlags
      value: 8
      objectReference: {fileID: 0}
    - target: {fileID: 8238322382616232983, guid: ec4644008a335484d923b109925b7d19,
        type: 3}
      propertyPath: m_StaticEditorFlags
      value: 8
      objectReference: {fileID: 0}
    - target: {fileID: 8425890105859971428, guid: ec4644008a335484d923b109925b7d19,
        type: 3}
      propertyPath: m_StaticEditorFlags
      value: 8
      objectReference: {fileID: 0}
    m_RemovedComponents: []
  m_SourcePrefab: {fileID: 100100000, guid: ec4644008a335484d923b109925b7d19, type: 3}
--- !u!4 &6041212207664729295 stripped
Transform:
  m_CorrespondingSourceObject: {fileID: 6505059993419166122, guid: ec4644008a335484d923b109925b7d19,
    type: 3}
  m_PrefabInstance: {fileID: 689103414399253861}
  m_PrefabAsset: {fileID: 0}
--- !u!1001 &880782811835741584
PrefabInstance:
  m_ObjectHideFlags: 0
  serializedVersion: 2
  m_Modification:
    m_TransformParent: {fileID: 1784908639974687309}
    m_Modifications:
    - target: {fileID: 3154676679472900068, guid: 70047c81e4f07e34f9b791d3f2e1e623,
        type: 3}
      propertyPath: m_SortingOrder
      value: 1
      objectReference: {fileID: 0}
    - target: {fileID: 3154676679472900068, guid: 70047c81e4f07e34f9b791d3f2e1e623,
        type: 3}
      propertyPath: m_Sprite
      value: 
      objectReference: {fileID: 21300030, guid: 0a1e8a46f047bb740b1c666aac904182,
        type: 3}
    - target: {fileID: 3154676679472900068, guid: 70047c81e4f07e34f9b791d3f2e1e623,
        type: 3}
      propertyPath: m_Size.x
      value: 1.79
      objectReference: {fileID: 0}
    - target: {fileID: 3154676679472900068, guid: 70047c81e4f07e34f9b791d3f2e1e623,
        type: 3}
      propertyPath: m_Size.y
      value: 2.02
      objectReference: {fileID: 0}
    - target: {fileID: 3154676679472900068, guid: 70047c81e4f07e34f9b791d3f2e1e623,
        type: 3}
      propertyPath: m_WasSpriteAssigned
      value: 1
      objectReference: {fileID: 0}
    - target: {fileID: 3597707422444093900, guid: 70047c81e4f07e34f9b791d3f2e1e623,
        type: 3}
      propertyPath: m_LocalPosition.x
      value: 0.912
      objectReference: {fileID: 0}
    - target: {fileID: 3597707422444093900, guid: 70047c81e4f07e34f9b791d3f2e1e623,
        type: 3}
      propertyPath: m_LocalPosition.y
      value: 0.086
      objectReference: {fileID: 0}
    - target: {fileID: 3597707422444093900, guid: 70047c81e4f07e34f9b791d3f2e1e623,
        type: 3}
      propertyPath: m_LocalPosition.z
      value: 0.051
      objectReference: {fileID: 0}
    - target: {fileID: 3597707422444093900, guid: 70047c81e4f07e34f9b791d3f2e1e623,
        type: 3}
      propertyPath: m_LocalRotation.x
      value: 0.50000006
      objectReference: {fileID: 0}
    - target: {fileID: 3597707422444093900, guid: 70047c81e4f07e34f9b791d3f2e1e623,
        type: 3}
      propertyPath: m_LocalRotation.y
      value: 0.50000006
      objectReference: {fileID: 0}
    - target: {fileID: 3597707422444093900, guid: 70047c81e4f07e34f9b791d3f2e1e623,
        type: 3}
      propertyPath: m_LocalRotation.z
      value: -0.5
      objectReference: {fileID: 0}
    - target: {fileID: 3597707422444093900, guid: 70047c81e4f07e34f9b791d3f2e1e623,
        type: 3}
      propertyPath: m_LocalRotation.w
      value: 0.5
      objectReference: {fileID: 0}
    - target: {fileID: 3597707422444093900, guid: 70047c81e4f07e34f9b791d3f2e1e623,
        type: 3}
      propertyPath: m_RootOrder
      value: 1
      objectReference: {fileID: 0}
    - target: {fileID: 3597707422444093900, guid: 70047c81e4f07e34f9b791d3f2e1e623,
        type: 3}
      propertyPath: m_LocalEulerAnglesHint.x
      value: 90.00001
      objectReference: {fileID: 0}
    - target: {fileID: 3597707422444093900, guid: 70047c81e4f07e34f9b791d3f2e1e623,
        type: 3}
      propertyPath: m_LocalEulerAnglesHint.y
      value: 0
      objectReference: {fileID: 0}
    - target: {fileID: 3597707422444093900, guid: 70047c81e4f07e34f9b791d3f2e1e623,
        type: 3}
      propertyPath: m_LocalEulerAnglesHint.z
      value: -90
      objectReference: {fileID: 0}
    - target: {fileID: 3597707422444093900, guid: 70047c81e4f07e34f9b791d3f2e1e623,
        type: 3}
      propertyPath: m_LocalScale.x
      value: 0.38036725
      objectReference: {fileID: 0}
    - target: {fileID: 3597707422444093900, guid: 70047c81e4f07e34f9b791d3f2e1e623,
        type: 3}
      propertyPath: m_LocalScale.y
      value: 0.33884513
      objectReference: {fileID: 0}
    - target: {fileID: 3597707422444093900, guid: 70047c81e4f07e34f9b791d3f2e1e623,
        type: 3}
      propertyPath: m_LocalScale.z
      value: 0.33884513
      objectReference: {fileID: 0}
    - target: {fileID: 4516724136127809818, guid: 70047c81e4f07e34f9b791d3f2e1e623,
        type: 3}
      propertyPath: m_Name
      value: Shadow
      objectReference: {fileID: 0}
    - target: {fileID: 4516724136127809818, guid: 70047c81e4f07e34f9b791d3f2e1e623,
        type: 3}
      propertyPath: m_StaticEditorFlags
      value: 8
      objectReference: {fileID: 0}
    m_RemovedComponents: []
  m_SourcePrefab: {fileID: 100100000, guid: 70047c81e4f07e34f9b791d3f2e1e623, type: 3}
--- !u!4 &4455384505551434844 stripped
Transform:
  m_CorrespondingSourceObject: {fileID: 3597707422444093900, guid: 70047c81e4f07e34f9b791d3f2e1e623,
    type: 3}
  m_PrefabInstance: {fileID: 880782811835741584}
  m_PrefabAsset: {fileID: 0}
--- !u!1001 &5357311319675127146
PrefabInstance:
  m_ObjectHideFlags: 0
  serializedVersion: 2
  m_Modification:
    m_TransformParent: {fileID: 1784908639974687309}
    m_Modifications:
    - target: {fileID: 663044227122395168, guid: 5ff2e3589e95c2649a416281fb8cb96b,
        type: 3}
      propertyPath: m_LocalPosition.x
      value: 0
      objectReference: {fileID: 0}
    - target: {fileID: 663044227122395168, guid: 5ff2e3589e95c2649a416281fb8cb96b,
        type: 3}
      propertyPath: m_LocalPosition.y
      value: 0
      objectReference: {fileID: 0}
    - target: {fileID: 663044227122395168, guid: 5ff2e3589e95c2649a416281fb8cb96b,
        type: 3}
      propertyPath: m_LocalPosition.z
      value: 0
      objectReference: {fileID: 0}
    - target: {fileID: 663044227122395168, guid: 5ff2e3589e95c2649a416281fb8cb96b,
        type: 3}
      propertyPath: m_LocalRotation.x
      value: 0
      objectReference: {fileID: 0}
    - target: {fileID: 663044227122395168, guid: 5ff2e3589e95c2649a416281fb8cb96b,
        type: 3}
      propertyPath: m_LocalRotation.y
      value: 0
      objectReference: {fileID: 0}
    - target: {fileID: 663044227122395168, guid: 5ff2e3589e95c2649a416281fb8cb96b,
        type: 3}
      propertyPath: m_LocalRotation.z
      value: 0
      objectReference: {fileID: 0}
    - target: {fileID: 663044227122395168, guid: 5ff2e3589e95c2649a416281fb8cb96b,
        type: 3}
      propertyPath: m_LocalRotation.w
      value: 1
      objectReference: {fileID: 0}
    - target: {fileID: 663044227122395168, guid: 5ff2e3589e95c2649a416281fb8cb96b,
        type: 3}
      propertyPath: m_RootOrder
      value: 3
      objectReference: {fileID: 0}
    - target: {fileID: 663044227122395168, guid: 5ff2e3589e95c2649a416281fb8cb96b,
        type: 3}
      propertyPath: m_LocalEulerAnglesHint.x
      value: 0
      objectReference: {fileID: 0}
    - target: {fileID: 663044227122395168, guid: 5ff2e3589e95c2649a416281fb8cb96b,
        type: 3}
      propertyPath: m_LocalEulerAnglesHint.y
      value: 0
      objectReference: {fileID: 0}
    - target: {fileID: 663044227122395168, guid: 5ff2e3589e95c2649a416281fb8cb96b,
        type: 3}
      propertyPath: m_LocalEulerAnglesHint.z
      value: 0
      objectReference: {fileID: 0}
    - target: {fileID: 663044227122816000, guid: 5ff2e3589e95c2649a416281fb8cb96b,
        type: 3}
      propertyPath: m_Name
      value: Tile
      objectReference: {fileID: 0}
    - target: {fileID: 663044227122816000, guid: 5ff2e3589e95c2649a416281fb8cb96b,
        type: 3}
      propertyPath: m_StaticEditorFlags
      value: 8
      objectReference: {fileID: 0}
    m_RemovedComponents: []
  m_SourcePrefab: {fileID: 100100000, guid: 5ff2e3589e95c2649a416281fb8cb96b, type: 3}
--- !u!4 &4858088176174677322 stripped
Transform:
  m_CorrespondingSourceObject: {fileID: 663044227122395168, guid: 5ff2e3589e95c2649a416281fb8cb96b,
    type: 3}
  m_PrefabInstance: {fileID: 5357311319675127146}
  m_PrefabAsset: {fileID: 0}
