%YAML 1.1
%TAG !u! tag:unity3d.com,2011:
--- !u!1 &48165605064660395
GameObject:
  m_ObjectHideFlags: 0
  m_CorrespondingSourceObject: {fileID: 0}
  m_PrefabInstance: {fileID: 0}
  m_PrefabAsset: {fileID: 0}
  serializedVersion: 6
  m_Component:
  - component: {fileID: 1470781258142125716}
  - component: {fileID: 6475236240366651280}
  m_Layer: 8
  m_Name: obs1
  m_TagString: Untagged
  m_Icon: {fileID: 0}
  m_NavMeshLayer: 0
  m_StaticEditorFlags: 8
  m_IsActive: 1
--- !u!4 &1470781258142125716
Transform:
  m_ObjectHideFlags: 0
  m_CorrespondingSourceObject: {fileID: 0}
  m_PrefabInstance: {fileID: 0}
  m_PrefabAsset: {fileID: 0}
  m_GameObject: {fileID: 48165605064660395}
  m_LocalRotation: {x: -0, y: -0, z: -0, w: 1}
  m_LocalPosition: {x: 0.059, y: 0.465, z: 0.929}
  m_LocalScale: {x: 1.8768001, y: 1.532, z: -0.93909615}
  m_Children: []
  m_Father: {fileID: 2876920555134537268}
  m_RootOrder: 0
  m_LocalEulerAnglesHint: {x: 0, y: 0, z: 0}
--- !u!208 &6475236240366651280
NavMeshObstacle:
  m_ObjectHideFlags: 0
  m_CorrespondingSourceObject: {fileID: 0}
  m_PrefabInstance: {fileID: 0}
  m_PrefabAsset: {fileID: 0}
  m_GameObject: {fileID: 48165605064660395}
  m_Enabled: 1
  serializedVersion: 3
  m_Shape: 1
  m_Extents: {x: 0.5, y: 0.5, z: 0.5}
  m_MoveThreshold: 0.1
  m_Carve: 1
  m_CarveOnlyStationary: 1
  m_Center: {x: 0, y: 0, z: 0}
  m_TimeToStationary: 0.5
--- !u!1 &3965162995560288881
GameObject:
  m_ObjectHideFlags: 0
  m_CorrespondingSourceObject: {fileID: 0}
  m_PrefabInstance: {fileID: 0}
  m_PrefabAsset: {fileID: 0}
  serializedVersion: 6
  m_Component:
  - component: {fileID: 3965162995560124305}
  - component: {fileID: 3965162995559354245}
  - component: {fileID: 3965162995558354373}
  m_Layer: 8
  m_Name: Hospital04
  m_TagString: Untagged
  m_Icon: {fileID: 0}
  m_NavMeshLayer: 0
  m_StaticEditorFlags: 8
  m_IsActive: 1
--- !u!4 &3965162995560124305
Transform:
  m_ObjectHideFlags: 0
  m_CorrespondingSourceObject: {fileID: 0}
  m_PrefabInstance: {fileID: 0}
  m_PrefabAsset: {fileID: 0}
  m_GameObject: {fileID: 3965162995560288881}
  m_LocalRotation: {x: 0, y: 0, z: 0, w: 1}
  m_LocalPosition: {x: -7.8999996, y: 0.17, z: -5.66}
  m_LocalScale: {x: 1.15, y: 1.15, z: 1.15}
  m_Children:
  - {fileID: 115576867618437114}
  - {fileID: 7705622830643438766}
  - {fileID: 2876920555134537268}
  - {fileID: 74530576376865340}
  - {fileID: 1260864568935792072}
  m_Father: {fileID: 0}
  m_RootOrder: 0
  m_LocalEulerAnglesHint: {x: 0, y: 0, z: 0}
--- !u!33 &3965162995559354245
MeshFilter:
  m_ObjectHideFlags: 0
  m_CorrespondingSourceObject: {fileID: 0}
  m_PrefabInstance: {fileID: 0}
  m_PrefabAsset: {fileID: 0}
  m_GameObject: {fileID: 3965162995560288881}
  m_Mesh: {fileID: 4300006, guid: 797b11b64bf01874ca0df745a4d076d2, type: 3}
--- !u!23 &3965162995558354373
MeshRenderer:
  m_ObjectHideFlags: 0
  m_CorrespondingSourceObject: {fileID: 0}
  m_PrefabInstance: {fileID: 0}
  m_PrefabAsset: {fileID: 0}
  m_GameObject: {fileID: 3965162995560288881}
  m_Enabled: 1
  m_CastShadows: 1
  m_ReceiveShadows: 1
  m_DynamicOccludee: 1
  m_MotionVectors: 1
  m_LightProbeUsage: 1
  m_ReflectionProbeUsage: 1
  m_RayTracingMode: 2
  m_RenderingLayerMask: 1
  m_RendererPriority: 0
  m_Materials:
  - {fileID: 2100000, guid: 347eadb05c20ae147b243db5bdc9e20e, type: 2}
  m_StaticBatchInfo:
    firstSubMesh: 0
    subMeshCount: 0
  m_StaticBatchRoot: {fileID: 0}
  m_ProbeAnchor: {fileID: 0}
  m_LightProbeVolumeOverride: {fileID: 0}
  m_ScaleInLightmap: 1
  m_ReceiveGI: 1
  m_PreserveUVs: 0
  m_IgnoreNormalsForChartDetection: 0
  m_ImportantGI: 0
  m_StitchLightmapSeams: 0
  m_SelectedEditorRenderState: 3
  m_MinimumChartSize: 4
  m_AutoUVMaxDistance: 0.5
  m_AutoUVMaxAngle: 89
  m_LightmapParameters: {fileID: 0}
  m_SortingLayerID: 0
  m_SortingLayer: 0
  m_SortingOrder: 0
--- !u!1 &4239468684173497850
GameObject:
  m_ObjectHideFlags: 0
  m_CorrespondingSourceObject: {fileID: 0}
  m_PrefabInstance: {fileID: 0}
  m_PrefabAsset: {fileID: 0}
  serializedVersion: 6
  m_Component:
  - component: {fileID: 115576867618437114}
  m_Layer: 8
  m_Name: NewBornSocket
  m_TagString: Untagged
  m_Icon: {fileID: 0}
  m_NavMeshLayer: 0
  m_StaticEditorFlags: 8
  m_IsActive: 1
--- !u!4 &115576867618437114
Transform:
  m_ObjectHideFlags: 0
  m_CorrespondingSourceObject: {fileID: 0}
  m_PrefabInstance: {fileID: 0}
  m_PrefabAsset: {fileID: 0}
  m_GameObject: {fileID: 4239468684173497850}
  m_LocalRotation: {x: -0, y: -0, z: -0, w: 1}
  m_LocalPosition: {x: -0.36, y: 0.82, z: -0.07}
  m_LocalScale: {x: 1, y: 1, z: 1}
  m_Children: []
  m_Father: {fileID: 3965162995560124305}
  m_RootOrder: 0
  m_LocalEulerAnglesHint: {x: 0, y: 0, z: 0}
--- !u!1 &4473278890749777987
GameObject:
  m_ObjectHideFlags: 0
  m_CorrespondingSourceObject: {fileID: 0}
  m_PrefabInstance: {fileID: 0}
  m_PrefabAsset: {fileID: 0}
  serializedVersion: 6
  m_Component:
  - component: {fileID: 6580414807054293344}
  - component: {fileID: 1514028517877255369}
  m_Layer: 8
  m_Name: obs1 (1)
  m_TagString: Untagged
  m_Icon: {fileID: 0}
  m_NavMeshLayer: 0
  m_StaticEditorFlags: 8
  m_IsActive: 1
--- !u!4 &6580414807054293344
Transform:
  m_ObjectHideFlags: 0
  m_CorrespondingSourceObject: {fileID: 0}
  m_PrefabInstance: {fileID: 0}
  m_PrefabAsset: {fileID: 0}
  m_GameObject: {fileID: 4473278890749777987}
  m_LocalRotation: {x: -0, y: -0, z: -0, w: 1}
  m_LocalPosition: {x: 0.059, y: 0.543, z: -0.342}
  m_LocalScale: {x: 1.8768001, y: 1.6339, z: -0.3724488}
  m_Children: []
  m_Father: {fileID: 2876920555134537268}
  m_RootOrder: 2
  m_LocalEulerAnglesHint: {x: 0, y: 0, z: 0}
--- !u!208 &1514028517877255369
NavMeshObstacle:
  m_ObjectHideFlags: 0
  m_CorrespondingSourceObject: {fileID: 0}
  m_PrefabInstance: {fileID: 0}
  m_PrefabAsset: {fileID: 0}
  m_GameObject: {fileID: 4473278890749777987}
  m_Enabled: 1
  serializedVersion: 3
  m_Shape: 1
  m_Extents: {x: 0.5, y: 0.5, z: 0.5}
  m_MoveThreshold: 0.1
  m_Carve: 1
  m_CarveOnlyStationary: 1
  m_Center: {x: 0, y: 0, z: 0}
  m_TimeToStationary: 0.5
--- !u!1 &8126829851985496908
GameObject:
  m_ObjectHideFlags: 0
  m_CorrespondingSourceObject: {fileID: 0}
  m_PrefabInstance: {fileID: 0}
  m_PrefabAsset: {fileID: 0}
  serializedVersion: 6
  m_Component:
  - component: {fileID: 1260864568935792072}
  - component: {fileID: 1717085406047437065}
  m_Layer: 8
  m_Name: HospitalCollider
  m_TagString: Untagged
  m_Icon: {fileID: 0}
  m_NavMeshLayer: 0
  m_StaticEditorFlags: 0
  m_IsActive: 1
--- !u!4 &1260864568935792072
Transform:
  m_ObjectHideFlags: 0
  m_CorrespondingSourceObject: {fileID: 0}
  m_PrefabInstance: {fileID: 0}
  m_PrefabAsset: {fileID: 0}
  m_GameObject: {fileID: 8126829851985496908}
  m_LocalRotation: {x: -0, y: -0, z: -0, w: 1}
  m_LocalPosition: {x: 0, y: 0.674, z: 0}
  m_LocalScale: {x: 1.57355, y: 1.3852817, z: 1.57329}
  m_Children: []
  m_Father: {fileID: 3965162995560124305}
  m_RootOrder: 4
  m_LocalEulerAnglesHint: {x: 0, y: 0, z: 0}
--- !u!65 &1717085406047437065
BoxCollider:
  m_ObjectHideFlags: 0
  m_CorrespondingSourceObject: {fileID: 0}
  m_PrefabInstance: {fileID: 0}
  m_PrefabAsset: {fileID: 0}
  m_GameObject: {fileID: 8126829851985496908}
  m_Material: {fileID: 0}
  m_IsTrigger: 0
  m_Enabled: 1
  serializedVersion: 2
  m_Size: {x: 1, y: 1, z: 1}
  m_Center: {x: 0, y: 0, z: 0}
--- !u!1 &8783004371645589495
GameObject:
  m_ObjectHideFlags: 0
  m_CorrespondingSourceObject: {fileID: 0}
  m_PrefabInstance: {fileID: 0}
  m_PrefabAsset: {fileID: 0}
  serializedVersion: 6
  m_Component:
  - component: {fileID: 3209712139355297001}
  - component: {fileID: 4284881332777099416}
  m_Layer: 8
  m_Name: obs2
  m_TagString: Untagged
  m_Icon: {fileID: 0}
  m_NavMeshLayer: 0
  m_StaticEditorFlags: 8
  m_IsActive: 1
--- !u!4 &3209712139355297001
Transform:
  m_ObjectHideFlags: 0
  m_CorrespondingSourceObject: {fileID: 0}
  m_PrefabInstance: {fileID: 0}
  m_PrefabAsset: {fileID: 0}
  m_GameObject: {fileID: 8783004371645589495}
  m_LocalRotation: {x: -0, y: -0, z: -0, w: 1}
  m_LocalPosition: {x: 0.916, y: 0.403, z: 0.468}
  m_LocalScale: {x: 0.20725606, y: 1, z: -1.9201803}
  m_Children: []
  m_Father: {fileID: 2876920555134537268}
  m_RootOrder: 1
  m_LocalEulerAnglesHint: {x: 0, y: 0, z: 0}
--- !u!208 &4284881332777099416
NavMeshObstacle:
  m_ObjectHideFlags: 0
  m_CorrespondingSourceObject: {fileID: 0}
  m_PrefabInstance: {fileID: 0}
  m_PrefabAsset: {fileID: 0}
  m_GameObject: {fileID: 8783004371645589495}
  m_Enabled: 1
  serializedVersion: 3
  m_Shape: 1
  m_Extents: {x: 0.5, y: 0.5, z: 0.5}
  m_MoveThreshold: 0.1
  m_Carve: 1
  m_CarveOnlyStationary: 1
  m_Center: {x: 0, y: 0, z: 0}
  m_TimeToStationary: 0.5
--- !u!1 &9051476847358306707
GameObject:
  m_ObjectHideFlags: 0
  m_CorrespondingSourceObject: {fileID: 0}
  m_PrefabInstance: {fileID: 0}
  m_PrefabAsset: {fileID: 0}
  serializedVersion: 6
  m_Component:
  - component: {fileID: 2876920555134537268}
  m_Layer: 8
  m_Name: Obstacles
  m_TagString: Untagged
  m_Icon: {fileID: 0}
  m_NavMeshLayer: 0
  m_StaticEditorFlags: 8
  m_IsActive: 1
--- !u!4 &2876920555134537268
Transform:
  m_ObjectHideFlags: 0
  m_CorrespondingSourceObject: {fileID: 0}
  m_PrefabInstance: {fileID: 0}
  m_PrefabAsset: {fileID: 0}
  m_GameObject: {fileID: 9051476847358306707}
  m_LocalRotation: {x: -0, y: -0, z: -0, w: 1}
  m_LocalPosition: {x: -0.056, y: 0.14800009, z: -0.397}
  m_LocalScale: {x: 0.8695652, y: 0.8695652, z: 0.8695652}
  m_Children:
  - {fileID: 1470781258142125716}
  - {fileID: 3209712139355297001}
  - {fileID: 6580414807054293344}
  m_Father: {fileID: 3965162995560124305}
  m_RootOrder: 2
  m_LocalEulerAnglesHint: {x: 0, y: 0, z: 0}
--- !u!1001 &593158057179601436
PrefabInstance:
  m_ObjectHideFlags: 0
  serializedVersion: 2
  m_Modification:
    m_TransformParent: {fileID: 3965162995560124305}
    m_Modifications:
    - target: {fileID: 663044227122395168, guid: 5ff2e3589e95c2649a416281fb8cb96b,
        type: 3}
      propertyPath: m_LocalPosition.x
      value: 0
      objectReference: {fileID: 0}
    - target: {fileID: 663044227122395168, guid: 5ff2e3589e95c2649a416281fb8cb96b,
        type: 3}
      propertyPath: m_LocalPosition.y
      value: 0
      objectReference: {fileID: 0}
    - target: {fileID: 663044227122395168, guid: 5ff2e3589e95c2649a416281fb8cb96b,
        type: 3}
      propertyPath: m_LocalPosition.z
      value: 0
      objectReference: {fileID: 0}
    - target: {fileID: 663044227122395168, guid: 5ff2e3589e95c2649a416281fb8cb96b,
        type: 3}
      propertyPath: m_LocalRotation.x
      value: 0
      objectReference: {fileID: 0}
    - target: {fileID: 663044227122395168, guid: 5ff2e3589e95c2649a416281fb8cb96b,
        type: 3}
      propertyPath: m_LocalRotation.y
      value: 0
      objectReference: {fileID: 0}
    - target: {fileID: 663044227122395168, guid: 5ff2e3589e95c2649a416281fb8cb96b,
        type: 3}
      propertyPath: m_LocalRotation.z
      value: 0
      objectReference: {fileID: 0}
    - target: {fileID: 663044227122395168, guid: 5ff2e3589e95c2649a416281fb8cb96b,
        type: 3}
      propertyPath: m_LocalRotation.w
      value: 1
      objectReference: {fileID: 0}
    - target: {fileID: 663044227122395168, guid: 5ff2e3589e95c2649a416281fb8cb96b,
        type: 3}
      propertyPath: m_RootOrder
      value: 3
      objectReference: {fileID: 0}
    - target: {fileID: 663044227122395168, guid: 5ff2e3589e95c2649a416281fb8cb96b,
        type: 3}
      propertyPath: m_LocalEulerAnglesHint.x
      value: 0
      objectReference: {fileID: 0}
    - target: {fileID: 663044227122395168, guid: 5ff2e3589e95c2649a416281fb8cb96b,
        type: 3}
      propertyPath: m_LocalEulerAnglesHint.y
      value: 0
      objectReference: {fileID: 0}
    - target: {fileID: 663044227122395168, guid: 5ff2e3589e95c2649a416281fb8cb96b,
        type: 3}
      propertyPath: m_LocalEulerAnglesHint.z
      value: 0
      objectReference: {fileID: 0}
    - target: {fileID: 663044227122816000, guid: 5ff2e3589e95c2649a416281fb8cb96b,
        type: 3}
      propertyPath: m_Name
      value: Tile
      objectReference: {fileID: 0}
    - target: {fileID: 663044227122816000, guid: 5ff2e3589e95c2649a416281fb8cb96b,
        type: 3}
      propertyPath: m_StaticEditorFlags
      value: 8
      objectReference: {fileID: 0}
    m_RemovedComponents: []
  m_SourcePrefab: {fileID: 100100000, guid: 5ff2e3589e95c2649a416281fb8cb96b, type: 3}
--- !u!4 &74530576376865340 stripped
Transform:
  m_CorrespondingSourceObject: {fileID: 663044227122395168, guid: 5ff2e3589e95c2649a416281fb8cb96b,
    type: 3}
  m_PrefabInstance: {fileID: 593158057179601436}
  m_PrefabAsset: {fileID: 0}
--- !u!1001 &6557875431389095266
PrefabInstance:
  m_ObjectHideFlags: 0
  serializedVersion: 2
  m_Modification:
    m_TransformParent: {fileID: 3965162995560124305}
    m_Modifications:
    - target: {fileID: 3154676679472900068, guid: 70047c81e4f07e34f9b791d3f2e1e623,
        type: 3}
      propertyPath: m_SortingOrder
      value: 1
      objectReference: {fileID: 0}
    - target: {fileID: 3154676679472900068, guid: 70047c81e4f07e34f9b791d3f2e1e623,
        type: 3}
      propertyPath: m_Sprite
      value: 
      objectReference: {fileID: 21300030, guid: 0a1e8a46f047bb740b1c666aac904182,
        type: 3}
    - target: {fileID: 3154676679472900068, guid: 70047c81e4f07e34f9b791d3f2e1e623,
        type: 3}
      propertyPath: m_Size.x
      value: 1.79
      objectReference: {fileID: 0}
    - target: {fileID: 3154676679472900068, guid: 70047c81e4f07e34f9b791d3f2e1e623,
        type: 3}
      propertyPath: m_Size.y
      value: 2.02
      objectReference: {fileID: 0}
    - target: {fileID: 3154676679472900068, guid: 70047c81e4f07e34f9b791d3f2e1e623,
        type: 3}
      propertyPath: m_WasSpriteAssigned
      value: 1
      objectReference: {fileID: 0}
    - target: {fileID: 3597707422444093900, guid: 70047c81e4f07e34f9b791d3f2e1e623,
        type: 3}
      propertyPath: m_LocalPosition.x
      value: 1.2317
      objectReference: {fileID: 0}
    - target: {fileID: 3597707422444093900, guid: 70047c81e4f07e34f9b791d3f2e1e623,
        type: 3}
      propertyPath: m_LocalPosition.y
      value: 0.01
      objectReference: {fileID: 0}
    - target: {fileID: 3597707422444093900, guid: 70047c81e4f07e34f9b791d3f2e1e623,
        type: 3}
      propertyPath: m_LocalPosition.z
      value: -0.0353
      objectReference: {fileID: 0}
    - target: {fileID: 3597707422444093900, guid: 70047c81e4f07e34f9b791d3f2e1e623,
        type: 3}
      propertyPath: m_LocalRotation.x
      value: 0.50000006
      objectReference: {fileID: 0}
    - target: {fileID: 3597707422444093900, guid: 70047c81e4f07e34f9b791d3f2e1e623,
        type: 3}
      propertyPath: m_LocalRotation.y
      value: 0.50000006
      objectReference: {fileID: 0}
    - target: {fileID: 3597707422444093900, guid: 70047c81e4f07e34f9b791d3f2e1e623,
        type: 3}
      propertyPath: m_LocalRotation.z
      value: -0.5
      objectReference: {fileID: 0}
    - target: {fileID: 3597707422444093900, guid: 70047c81e4f07e34f9b791d3f2e1e623,
        type: 3}
      propertyPath: m_LocalRotation.w
      value: 0.5
      objectReference: {fileID: 0}
    - target: {fileID: 3597707422444093900, guid: 70047c81e4f07e34f9b791d3f2e1e623,
        type: 3}
      propertyPath: m_RootOrder
      value: 1
      objectReference: {fileID: 0}
    - target: {fileID: 3597707422444093900, guid: 70047c81e4f07e34f9b791d3f2e1e623,
        type: 3}
      propertyPath: m_LocalEulerAnglesHint.x
      value: 90.00001
      objectReference: {fileID: 0}
    - target: {fileID: 3597707422444093900, guid: 70047c81e4f07e34f9b791d3f2e1e623,
        type: 3}
      propertyPath: m_LocalEulerAnglesHint.y
      value: 0
      objectReference: {fileID: 0}
    - target: {fileID: 3597707422444093900, guid: 70047c81e4f07e34f9b791d3f2e1e623,
        type: 3}
      propertyPath: m_LocalEulerAnglesHint.z
      value: -90
      objectReference: {fileID: 0}
    - target: {fileID: 3597707422444093900, guid: 70047c81e4f07e34f9b791d3f2e1e623,
        type: 3}
      propertyPath: m_LocalScale.x
      value: 0.788747
      objectReference: {fileID: 0}
    - target: {fileID: 3597707422444093900, guid: 70047c81e4f07e34f9b791d3f2e1e623,
        type: 3}
      propertyPath: m_LocalScale.y
      value: 0.5176467
      objectReference: {fileID: 0}
    - target: {fileID: 3597707422444093900, guid: 70047c81e4f07e34f9b791d3f2e1e623,
        type: 3}
      propertyPath: m_LocalScale.z
      value: 0.29465225
      objectReference: {fileID: 0}
    - target: {fileID: 4516724136127809818, guid: 70047c81e4f07e34f9b791d3f2e1e623,
        type: 3}
      propertyPath: m_Name
      value: Shadow
      objectReference: {fileID: 0}
    - target: {fileID: 4516724136127809818, guid: 70047c81e4f07e34f9b791d3f2e1e623,
        type: 3}
      propertyPath: m_Layer
      value: 8
      objectReference: {fileID: 0}
    - target: {fileID: 4516724136127809818, guid: 70047c81e4f07e34f9b791d3f2e1e623,
        type: 3}
      propertyPath: m_StaticEditorFlags
      value: 8
      objectReference: {fileID: 0}
    m_RemovedComponents: []
  m_SourcePrefab: {fileID: 100100000, guid: 70047c81e4f07e34f9b791d3f2e1e623, type: 3}
--- !u!4 &7705622830643438766 stripped
Transform:
  m_CorrespondingSourceObject: {fileID: 3597707422444093900, guid: 70047c81e4f07e34f9b791d3f2e1e623,
    type: 3}
  m_PrefabInstance: {fileID: 6557875431389095266}
  m_PrefabAsset: {fileID: 0}
