%YAML 1.1
%TAG !u! tag:unity3d.com,2011:
--- !u!1 &7725875105137449822
GameObject:
  m_ObjectHideFlags: 0
  m_CorrespondingSourceObject: {fileID: 0}
  m_PrefabInstance: {fileID: 0}
  m_PrefabAsset: {fileID: 0}
  serializedVersion: 6
  m_Component:
  - component: {fileID: 7725875105137449823}
  - component: {fileID: 7725875105137449809}
  - component: {fileID: 7725875105137449808}
  m_Layer: 5
  m_Name: Icon
  m_TagString: Untagged
  m_Icon: {fileID: 0}
  m_NavMeshLayer: 0
  m_StaticEditorFlags: 0
  m_IsActive: 1
--- !u!224 &7725875105137449823
RectTransform:
  m_ObjectHideFlags: 0
  m_CorrespondingSourceObject: {fileID: 0}
  m_PrefabInstance: {fileID: 0}
  m_PrefabAsset: {fileID: 0}
  m_GameObject: {fileID: 7725875105137449822}
  m_LocalRotation: {x: -0, y: -0, z: -0, w: 1}
  m_LocalPosition: {x: 0, y: 0, z: 0}
  m_LocalScale: {x: 2, y: 2, z: 2}
  m_Children: []
  m_Father: {fileID: 7725875106182994066}
  m_RootOrder: 3
  m_LocalEulerAnglesHint: {x: 0, y: 0, z: 0}
  m_AnchorMin: {x: 0.5, y: 0.5}
  m_AnchorMax: {x: 0.5, y: 0.5}
  m_AnchoredPosition: {x: 0, y: 17}
  m_SizeDelta: {x: 76.182236, y: 76.182236}
  m_Pivot: {x: 0.5, y: 0.5}
--- !u!222 &7725875105137449809
CanvasRenderer:
  m_ObjectHideFlags: 0
  m_CorrespondingSourceObject: {fileID: 0}
  m_PrefabInstance: {fileID: 0}
  m_PrefabAsset: {fileID: 0}
  m_GameObject: {fileID: 7725875105137449822}
  m_CullTransparentMesh: 0
--- !u!114 &7725875105137449808
MonoBehaviour:
  m_ObjectHideFlags: 0
  m_CorrespondingSourceObject: {fileID: 0}
  m_PrefabInstance: {fileID: 0}
  m_PrefabAsset: {fileID: 0}
  m_GameObject: {fileID: 7725875105137449822}
  m_Enabled: 1
  m_EditorHideFlags: 0
  m_Script: {fileID: 11500000, guid: fe87c0e1cc204ed48ad3b37840f39efc, type: 3}
  m_Name: 
  m_EditorClassIdentifier: 
  m_Material: {fileID: 0}
  m_Color: {r: 1, g: 1, b: 1, a: 1}
  m_RaycastTarget: 1
  m_Maskable: 1
  m_OnCullStateChanged:
    m_PersistentCalls:
      m_Calls: []
  m_Sprite: {fileID: 21300000, guid: 83fdd250e1c1fad4694d202e1a8803d3, type: 3}
  m_Type: 0
  m_PreserveAspect: 0
  m_FillCenter: 1
  m_FillMethod: 4
  m_FillAmount: 1
  m_FillClockwise: 1
  m_FillOrigin: 0
  m_UseSpriteMesh: 0
  m_PixelsPerUnitMultiplier: 1
--- !u!1 &7725875105248911933
GameObject:
  m_ObjectHideFlags: 0
  m_CorrespondingSourceObject: {fileID: 0}
  m_PrefabInstance: {fileID: 0}
  m_PrefabAsset: {fileID: 0}
  serializedVersion: 6
  m_Component:
  - component: {fileID: 7725875105248911934}
  - component: {fileID: 7725875105248911920}
  - component: {fileID: 7725875105248911935}
  m_Layer: 5
  m_Name: Text
  m_TagString: Untagged
  m_Icon: {fileID: 0}
  m_NavMeshLayer: 0
  m_StaticEditorFlags: 0
  m_IsActive: 1
--- !u!224 &7725875105248911934
RectTransform:
  m_ObjectHideFlags: 0
  m_CorrespondingSourceObject: {fileID: 0}
  m_PrefabInstance: {fileID: 0}
  m_PrefabAsset: {fileID: 0}
  m_GameObject: {fileID: 7725875105248911933}
  m_LocalRotation: {x: -0, y: -0, z: -0, w: 1}
  m_LocalPosition: {x: 0, y: 0, z: 0}
  m_LocalScale: {x: 0.44430116, y: 0.44430116, z: -0.041451517}
  m_Children: []
  m_Father: {fileID: 7725875106182994066}
  m_RootOrder: 1
  m_LocalEulerAnglesHint: {x: 0, y: 0, z: 0}
  m_AnchorMin: {x: 0.5, y: 1}
  m_AnchorMax: {x: 0.5, y: 1}
  m_AnchoredPosition: {x: -0.00023079, y: 0}
  m_SizeDelta: {x: 551.1411, y: 193.38531}
  m_Pivot: {x: 0.5, y: 1}
--- !u!222 &7725875105248911920
CanvasRenderer:
  m_ObjectHideFlags: 0
  m_CorrespondingSourceObject: {fileID: 0}
  m_PrefabInstance: {fileID: 0}
  m_PrefabAsset: {fileID: 0}
  m_GameObject: {fileID: 7725875105248911933}
  m_CullTransparentMesh: 0
--- !u!114 &7725875105248911935
MonoBehaviour:
  m_ObjectHideFlags: 0
  m_CorrespondingSourceObject: {fileID: 0}
  m_PrefabInstance: {fileID: 0}
  m_PrefabAsset: {fileID: 0}
  m_GameObject: {fileID: 7725875105248911933}
  m_Enabled: 1
  m_EditorHideFlags: 0
  m_Script: {fileID: 11500000, guid: 5f7201a12d95ffc409449d95f23cf332, type: 3}
  m_Name: 
  m_EditorClassIdentifier: 
  m_Material: {fileID: 0}
  m_Color: {r: 0.3921569, g: 0.43921572, b: 0.5137255, a: 1}
  m_RaycastTarget: 1
  m_Maskable: 1
  m_OnCullStateChanged:
    m_PersistentCalls:
      m_Calls: []
  m_FontData:
    m_Font: {fileID: 12800000, guid: 2b670064b08449e499ac078dda4cc818, type: 3}
    m_FontSize: 70
    m_FontStyle: 0
    m_BestFit: 1
    m_MinSize: 2
    m_MaxSize: 70
    m_Alignment: 4
    m_AlignByGeometry: 1
    m_RichText: 1
    m_HorizontalOverflow: 0
    m_VerticalOverflow: 0
    m_LineSpacing: 1
  m_Text: POLO DE FRUTAS
--- !u!1 &7725875105375063024
GameObject:
  m_ObjectHideFlags: 0
  m_CorrespondingSourceObject: {fileID: 0}
  m_PrefabInstance: {fileID: 0}
  m_PrefabAsset: {fileID: 0}
  serializedVersion: 6
  m_Component:
  - component: {fileID: 7725875105375063025}
  - component: {fileID: 7725875105375063027}
  - component: {fileID: 7725875105375063026}
  m_Layer: 5
  m_Name: StockText
  m_TagString: Untagged
  m_Icon: {fileID: 0}
  m_NavMeshLayer: 0
  m_StaticEditorFlags: 0
  m_IsActive: 0
--- !u!224 &7725875105375063025
RectTransform:
  m_ObjectHideFlags: 0
  m_CorrespondingSourceObject: {fileID: 0}
  m_PrefabInstance: {fileID: 0}
  m_PrefabAsset: {fileID: 0}
  m_GameObject: {fileID: 7725875105375063024}
  m_LocalRotation: {x: -0, y: -0, z: -0, w: 1}
  m_LocalPosition: {x: 0, y: 0, z: 0}
  m_LocalScale: {x: 0.5326397, y: 0.5326397, z: -0.04969315}
  m_Children: []
  m_Father: {fileID: 7725875106182994066}
  m_RootOrder: 0
  m_LocalEulerAnglesHint: {x: 0, y: 0, z: 0}
  m_AnchorMin: {x: 0, y: 0}
  m_AnchorMax: {x: 1, y: 0}
  m_AnchoredPosition: {x: 0.00033569336, y: 129.1}
  m_SizeDelta: {x: 278.76, y: 98.8}
  m_Pivot: {x: 0.5, y: 0}
--- !u!222 &7725875105375063027
CanvasRenderer:
  m_ObjectHideFlags: 0
  m_CorrespondingSourceObject: {fileID: 0}
  m_PrefabInstance: {fileID: 0}
  m_PrefabAsset: {fileID: 0}
  m_GameObject: {fileID: 7725875105375063024}
  m_CullTransparentMesh: 0
--- !u!114 &7725875105375063026
MonoBehaviour:
  m_ObjectHideFlags: 0
  m_CorrespondingSourceObject: {fileID: 0}
  m_PrefabInstance: {fileID: 0}
  m_PrefabAsset: {fileID: 0}
  m_GameObject: {fileID: 7725875105375063024}
  m_Enabled: 1
  m_EditorHideFlags: 0
  m_Script: {fileID: 11500000, guid: 5f7201a12d95ffc409449d95f23cf332, type: 3}
  m_Name: 
  m_EditorClassIdentifier: 
  m_Material: {fileID: 0}
  m_Color: {r: 0, g: 0, b: 0, a: 1}
  m_RaycastTarget: 1
  m_Maskable: 1
  m_OnCullStateChanged:
    m_PersistentCalls:
      m_Calls: []
  m_FontData:
    m_Font: {fileID: 12800000, guid: 4511e3b393c544c7ea098ac6273cbe82, type: 3}
    m_FontSize: 70
    m_FontStyle: 0
    m_BestFit: 1
    m_MinSize: 2
    m_MaxSize: 80
    m_Alignment: 4
    m_AlignByGeometry: 0
    m_RichText: 1
    m_HorizontalOverflow: 0
    m_VerticalOverflow: 0
    m_LineSpacing: 1
  m_Text: X en stock
--- !u!1 &7725875106182994065
GameObject:
  m_ObjectHideFlags: 0
  m_CorrespondingSourceObject: {fileID: 0}
  m_PrefabInstance: {fileID: 0}
  m_PrefabAsset: {fileID: 0}
  serializedVersion: 6
  m_Component:
  - component: {fileID: 7725875106182994066}
  - component: {fileID: 7725875106182994068}
  - component: {fileID: 7725875106182994067}
  - component: {fileID: 3252040865757882465}
  m_Layer: 5
  m_Name: BoostItemf
  m_TagString: Untagged
  m_Icon: {fileID: 0}
  m_NavMeshLayer: 0
  m_StaticEditorFlags: 0
  m_IsActive: 1
--- !u!224 &7725875106182994066
RectTransform:
  m_ObjectHideFlags: 0
  m_CorrespondingSourceObject: {fileID: 0}
  m_PrefabInstance: {fileID: 0}
  m_PrefabAsset: {fileID: 0}
  m_GameObject: {fileID: 7725875106182994065}
  m_LocalRotation: {x: 0, y: 0, z: 0, w: 1}
  m_LocalPosition: {x: 0, y: 0, z: 0}
  m_LocalScale: {x: 1, y: 1, z: 1}
  m_Children:
  - {fileID: 7725875105375063025}
  - {fileID: 7725875105248911934}
  - {fileID: 7725875106986324214}
  - {fileID: 7725875105137449823}
  - {fileID: 963558898376246593}
  - {fileID: 2316991771029821120}
  m_Father: {fileID: 0}
  m_RootOrder: 0
  m_LocalEulerAnglesHint: {x: 0, y: 0, z: 0}
  m_AnchorMin: {x: 0, y: 1}
  m_AnchorMax: {x: 0, y: 1}
  m_AnchoredPosition: {x: 122.46, y: -166.03}
  m_SizeDelta: {x: 244.87314, y: 357.96246}
  m_Pivot: {x: 0.5, y: 0.5}
--- !u!222 &7725875106182994068
CanvasRenderer:
  m_ObjectHideFlags: 0
  m_CorrespondingSourceObject: {fileID: 0}
  m_PrefabInstance: {fileID: 0}
  m_PrefabAsset: {fileID: 0}
  m_GameObject: {fileID: 7725875106182994065}
  m_CullTransparentMesh: 0
--- !u!114 &7725875106182994067
MonoBehaviour:
  m_ObjectHideFlags: 0
  m_CorrespondingSourceObject: {fileID: 0}
  m_PrefabInstance: {fileID: 0}
  m_PrefabAsset: {fileID: 0}
  m_GameObject: {fileID: 7725875106182994065}
  m_Enabled: 1
  m_EditorHideFlags: 0
  m_Script: {fileID: 11500000, guid: fe87c0e1cc204ed48ad3b37840f39efc, type: 3}
  m_Name: 
  m_EditorClassIdentifier: 
  m_Material: {fileID: 0}
  m_Color: {r: 0.5411765, g: 0.8588236, b: 1, a: 0.67058825}
  m_RaycastTarget: 1
  m_Maskable: 1
  m_OnCullStateChanged:
    m_PersistentCalls:
      m_Calls: []
  m_Sprite: {fileID: 21300000, guid: f90419eabd4a34f19bb6c4f0e2147aaa, type: 3}
  m_Type: 1
  m_PreserveAspect: 0
  m_FillCenter: 1
  m_FillMethod: 4
  m_FillAmount: 1
  m_FillClockwise: 1
  m_FillOrigin: 0
  m_UseSpriteMesh: 0
  m_PixelsPerUnitMultiplier: 2
--- !u!114 &3252040865757882465
MonoBehaviour:
  m_ObjectHideFlags: 0
  m_CorrespondingSourceObject: {fileID: 0}
  m_PrefabInstance: {fileID: 0}
  m_PrefabAsset: {fileID: 0}
  m_GameObject: {fileID: 7725875106182994065}
  m_Enabled: 1
  m_EditorHideFlags: 0
  m_Script: {fileID: 11500000, guid: 876e2f9cfb2b1ec47914d38928688777, type: 3}
  m_Name: 
  m_EditorClassIdentifier: 
  mainImage: {fileID: 0}
  lookComponentsInChildren: 0
  componentChild: {fileID: 0}
  isInteractable: 1
  buttonIcon: {fileID: 3270898481020101397}
  isDraggable: 0
  lockX: 0
  lockY: 0
  rangeLeftX: 0
  rangeRightX: 0
  rangeLeftY: 0
  rangeRightY: 0
  initPosition: {x: 0, y: 0}
  isAnimatable: 1
  punchSizeIncrement: 0.108
  punchTimeLength: 0.104
  anim: 1
  isOutlinable: 0
  outlineImage: {fileID: 0}
  outlineTime: 0
  isTintable: 0
  tintDuration: 0
  useAnimatableTimeScale: 0
  isHoldable: 0
  hasTouchSound: 1
  sound: 0
  audioController: {fileID: 11400000, guid: 33f1758c29a0a914aaf54153e0d60ddf, type: 2}
  isRealTimeUpdateable: 0
  usesBadge: 0
  badge: {fileID: 0}
  uiController: {fileID: 0}
  isHighlightable: 0
  highlightOnUnlocking: 0
  unlockingHighlightTime: 0
  highlightedTimes: 0
  tapsToStopHighlight: 0
  hasStrongHighlight: 0
  strongHighlight: {fileID: 0}
  taps: 0
  isLocalizable: 0
  loc: {fileID: 0}
  uiLocalizables: []
  isBankListener: 0
  bank: {fileID: 0}
  currenciesToListen: 
  hasWarnings: 0
  usesColorModule: 0
  mainColor: {r: 0, g: 0, b: 0, a: 0}
  touchedColor: {r: 0, g: 0, b: 0, a: 0}
  highlightColor: {r: 0, g: 0, b: 0, a: 0}
  lockedColor: {r: 0, g: 0, b: 0, a: 0}
  colorizableController: {fileID: 0}
  doesOverridePalette: 0
  title: {fileID: 7725875105248911935}
  stockText: {fileID: 7725875105375063026}
--- !u!1 &7725875106986324213
GameObject:
  m_ObjectHideFlags: 0
  m_CorrespondingSourceObject: {fileID: 0}
  m_PrefabInstance: {fileID: 0}
  m_PrefabAsset: {fileID: 0}
  serializedVersion: 6
  m_Component:
  - component: {fileID: 7725875106986324214}
  - component: {fileID: 7725875106986324168}
  - component: {fileID: 7725875106986324215}
  m_Layer: 5
  m_Name: BoostText
  m_TagString: Untagged
  m_Icon: {fileID: 0}
  m_NavMeshLayer: 0
  m_StaticEditorFlags: 0
  m_IsActive: 0
--- !u!224 &7725875106986324214
RectTransform:
  m_ObjectHideFlags: 0
  m_CorrespondingSourceObject: {fileID: 0}
  m_PrefabInstance: {fileID: 0}
  m_PrefabAsset: {fileID: 0}
  m_GameObject: {fileID: 7725875106986324213}
  m_LocalRotation: {x: -0, y: -0, z: -0, w: 1}
  m_LocalPosition: {x: 0, y: 0, z: 0}
  m_LocalScale: {x: 0.44430116, y: 0.44430116, z: -0.041451517}
  m_Children: []
  m_Father: {fileID: 7725875106182994066}
  m_RootOrder: 2
  m_LocalEulerAnglesHint: {x: 0, y: 0, z: 0}
  m_AnchorMin: {x: 0.5, y: 1}
  m_AnchorMax: {x: 0.5, y: 1}
  m_AnchoredPosition: {x: 0, y: 33}
  m_SizeDelta: {x: 495.1, y: 237.5}
  m_Pivot: {x: 0.5, y: 1}
--- !u!222 &7725875106986324168
CanvasRenderer:
  m_ObjectHideFlags: 0
  m_CorrespondingSourceObject: {fileID: 0}
  m_PrefabInstance: {fileID: 0}
  m_PrefabAsset: {fileID: 0}
  m_GameObject: {fileID: 7725875106986324213}
  m_CullTransparentMesh: 0
--- !u!114 &7725875106986324215
MonoBehaviour:
  m_ObjectHideFlags: 0
  m_CorrespondingSourceObject: {fileID: 0}
  m_PrefabInstance: {fileID: 0}
  m_PrefabAsset: {fileID: 0}
  m_GameObject: {fileID: 7725875106986324213}
  m_Enabled: 1
  m_EditorHideFlags: 0
  m_Script: {fileID: 11500000, guid: fe87c0e1cc204ed48ad3b37840f39efc, type: 3}
  m_Name: 
  m_EditorClassIdentifier: 
  m_Material: {fileID: 0}
  m_Color: {r: 0.9921569, g: 0.9333334, b: 0.40784317, a: 1}
  m_RaycastTarget: 1
  m_Maskable: 1
  m_OnCullStateChanged:
    m_PersistentCalls:
      m_Calls: []
  m_Sprite: {fileID: 21300000, guid: fc87c77937aa94918a67e78c9fbfa77d, type: 3}
  m_Type: 1
  m_PreserveAspect: 0
  m_FillCenter: 1
  m_FillMethod: 4
  m_FillAmount: 1
  m_FillClockwise: 1
  m_FillOrigin: 0
  m_UseSpriteMesh: 0
  m_PixelsPerUnitMultiplier: 1
--- !u!1 &8313388492424062770
GameObject:
  m_ObjectHideFlags: 0
  m_CorrespondingSourceObject: {fileID: 0}
  m_PrefabInstance: {fileID: 0}
  m_PrefabAsset: {fileID: 0}
  serializedVersion: 6
  m_Component:
  - component: {fileID: 963558898376246593}
  - component: {fileID: 756783866086649023}
  - component: {fileID: 5837040309314816592}
  - component: {fileID: 5746847400839661712}
  m_Layer: 5
  m_Name: NumberText
  m_TagString: Untagged
  m_Icon: {fileID: 0}
  m_NavMeshLayer: 0
  m_StaticEditorFlags: 0
  m_IsActive: 1
--- !u!224 &963558898376246593
RectTransform:
  m_ObjectHideFlags: 0
  m_CorrespondingSourceObject: {fileID: 0}
  m_PrefabInstance: {fileID: 0}
  m_PrefabAsset: {fileID: 0}
  m_GameObject: {fileID: 8313388492424062770}
  m_LocalRotation: {x: -0, y: -0, z: -0, w: 1}
  m_LocalPosition: {x: 0, y: 0, z: 0}
  m_LocalScale: {x: 1, y: 1, z: 1}
  m_Children: []
  m_Father: {fileID: 7725875106182994066}
  m_RootOrder: 4
  m_LocalEulerAnglesHint: {x: 0, y: 0, z: 0}
  m_AnchorMin: {x: 0.5, y: 0}
  m_AnchorMax: {x: 0.5, y: 0}
  m_AnchoredPosition: {x: -4.67, y: 89.1}
  m_SizeDelta: {x: 221.63358, y: 58.524612}
  m_Pivot: {x: 0.5, y: 0}
--- !u!222 &756783866086649023
CanvasRenderer:
  m_ObjectHideFlags: 0
  m_CorrespondingSourceObject: {fileID: 0}
  m_PrefabInstance: {fileID: 0}
  m_PrefabAsset: {fileID: 0}
  m_GameObject: {fileID: 8313388492424062770}
  m_CullTransparentMesh: 0
--- !u!114 &5837040309314816592
MonoBehaviour:
  m_ObjectHideFlags: 0
  m_CorrespondingSourceObject: {fileID: 0}
  m_PrefabInstance: {fileID: 0}
  m_PrefabAsset: {fileID: 0}
  m_GameObject: {fileID: 8313388492424062770}
  m_Enabled: 1
  m_EditorHideFlags: 0
  m_Script: {fileID: 11500000, guid: 5f7201a12d95ffc409449d95f23cf332, type: 3}
  m_Name: 
  m_EditorClassIdentifier: 
  m_Material: {fileID: 0}
  m_Color: {r: 0.20652369, g: 0.4811321, b: 0.2135649, a: 1}
  m_RaycastTarget: 1
  m_Maskable: 1
  m_OnCullStateChanged:
    m_PersistentCalls:
      m_Calls: []
  m_FontData:
    m_Font: {fileID: 12800000, guid: f925964b816248843808f128e1b0842f, type: 3}
    m_FontSize: 40
    m_FontStyle: 0
    m_BestFit: 0
    m_MinSize: 2
    m_MaxSize: 60
    m_Alignment: 2
    m_AlignByGeometry: 0
    m_RichText: 1
    m_HorizontalOverflow: 0
    m_VerticalOverflow: 1
    m_LineSpacing: 1
  m_Text: x4
--- !u!114 &5746847400839661712
MonoBehaviour:
  m_ObjectHideFlags: 0
  m_CorrespondingSourceObject: {fileID: 0}
  m_PrefabInstance: {fileID: 0}
  m_PrefabAsset: {fileID: 0}
  m_GameObject: {fileID: 8313388492424062770}
  m_Enabled: 1
  m_EditorHideFlags: 0
  m_Script: {fileID: 11500000, guid: 056eadb6d88ccd14cbdb37e52e004c92, type: 3}
  m_Name: 
  m_EditorClassIdentifier: 
  graphic: {fileID: 5837040309314816592}
  desiredColorType: hearts
  overridesAlpha: 0
  alpha: 0
  colorController: {fileID: 11400000, guid: 03c6b1175a5ebb041a48ea2e62a76f73, type: 2}
--- !u!1001 &1761262731869948981
PrefabInstance:
  m_ObjectHideFlags: 0
  serializedVersion: 2
  m_Modification:
    m_TransformParent: {fileID: 7725875106182994066}
    m_Modifications:
    - target: {fileID: 1377500597840715060, guid: e099d4780cc04b5429ebb340d30b57f9,
        type: 3}
      propertyPath: m_PixelsPerUnitMultiplier
      value: 5
      objectReference: {fileID: 0}
    - target: {fileID: 2031607596141522368, guid: e099d4780cc04b5429ebb340d30b57f9,
        type: 3}
      propertyPath: m_AnchoredPosition.x
      value: 15
      objectReference: {fileID: 0}
    - target: {fileID: 2031607596141522368, guid: e099d4780cc04b5429ebb340d30b57f9,
        type: 3}
      propertyPath: m_AnchorMin.y
      value: 1
      objectReference: {fileID: 0}
    - target: {fileID: 2031607596141522368, guid: e099d4780cc04b5429ebb340d30b57f9,
        type: 3}
      propertyPath: m_AnchorMax.y
      value: 1
      objectReference: {fileID: 0}
    - target: {fileID: 2031607596141522368, guid: e099d4780cc04b5429ebb340d30b57f9,
        type: 3}
      propertyPath: m_AnchoredPosition.y
      value: -36.99431
      objectReference: {fileID: 0}
    - target: {fileID: 2031607596141522368, guid: e099d4780cc04b5429ebb340d30b57f9,
        type: 3}
      propertyPath: m_SizeDelta.x
      value: 0
      objectReference: {fileID: 0}
    - target: {fileID: 2312091683178071320, guid: e099d4780cc04b5429ebb340d30b57f9,
        type: 3}
      propertyPath: m_AnchorMin.y
      value: 0
      objectReference: {fileID: 0}
    - target: {fileID: 2312091683178071320, guid: e099d4780cc04b5429ebb340d30b57f9,
        type: 3}
      propertyPath: m_AnchorMax.y
      value: 0
      objectReference: {fileID: 0}
    - target: {fileID: 2312091683178071320, guid: e099d4780cc04b5429ebb340d30b57f9,
        type: 3}
      propertyPath: m_AnchoredPosition.x
      value: 0
      objectReference: {fileID: 0}
    - target: {fileID: 2312091683178071320, guid: e099d4780cc04b5429ebb340d30b57f9,
        type: 3}
      propertyPath: m_AnchoredPosition.y
      value: 0
      objectReference: {fileID: 0}
    - target: {fileID: 2312091683178071320, guid: e099d4780cc04b5429ebb340d30b57f9,
        type: 3}
      propertyPath: m_SizeDelta.x
      value: 0
      objectReference: {fileID: 0}
    - target: {fileID: 3825196319445577504, guid: e099d4780cc04b5429ebb340d30b57f9,
        type: 3}
      propertyPath: m_Name
      value: AdButton
      objectReference: {fileID: 0}
    - target: {fileID: 4059670308217576181, guid: e099d4780cc04b5429ebb340d30b57f9,
        type: 3}
      propertyPath: m_LocalPosition.x
      value: 0
      objectReference: {fileID: 0}
    - target: {fileID: 4059670308217576181, guid: e099d4780cc04b5429ebb340d30b57f9,
        type: 3}
      propertyPath: m_LocalPosition.y
      value: 0
      objectReference: {fileID: 0}
    - target: {fileID: 4059670308217576181, guid: e099d4780cc04b5429ebb340d30b57f9,
        type: 3}
      propertyPath: m_LocalPosition.z
      value: 0
      objectReference: {fileID: 0}
    - target: {fileID: 4059670308217576181, guid: e099d4780cc04b5429ebb340d30b57f9,
        type: 3}
      propertyPath: m_LocalRotation.x
      value: 0
      objectReference: {fileID: 0}
    - target: {fileID: 4059670308217576181, guid: e099d4780cc04b5429ebb340d30b57f9,
        type: 3}
      propertyPath: m_LocalRotation.y
      value: 0
      objectReference: {fileID: 0}
    - target: {fileID: 4059670308217576181, guid: e099d4780cc04b5429ebb340d30b57f9,
        type: 3}
      propertyPath: m_LocalRotation.z
      value: 0
      objectReference: {fileID: 0}
    - target: {fileID: 4059670308217576181, guid: e099d4780cc04b5429ebb340d30b57f9,
        type: 3}
      propertyPath: m_LocalRotation.w
      value: 1
      objectReference: {fileID: 0}
    - target: {fileID: 4059670308217576181, guid: e099d4780cc04b5429ebb340d30b57f9,
        type: 3}
      propertyPath: m_RootOrder
      value: 5
      objectReference: {fileID: 0}
    - target: {fileID: 4059670308217576181, guid: e099d4780cc04b5429ebb340d30b57f9,
        type: 3}
      propertyPath: m_LocalEulerAnglesHint.x
      value: 0
      objectReference: {fileID: 0}
    - target: {fileID: 4059670308217576181, guid: e099d4780cc04b5429ebb340d30b57f9,
        type: 3}
      propertyPath: m_LocalEulerAnglesHint.y
      value: 0
      objectReference: {fileID: 0}
    - target: {fileID: 4059670308217576181, guid: e099d4780cc04b5429ebb340d30b57f9,
        type: 3}
      propertyPath: m_LocalEulerAnglesHint.z
      value: 0
      objectReference: {fileID: 0}
    - target: {fileID: 4059670308217576181, guid: e099d4780cc04b5429ebb340d30b57f9,
        type: 3}
      propertyPath: m_AnchoredPosition.x
      value: 0.1
      objectReference: {fileID: 0}
    - target: {fileID: 4059670308217576181, guid: e099d4780cc04b5429ebb340d30b57f9,
        type: 3}
      propertyPath: m_AnchoredPosition.y
      value: 0.19999695
      objectReference: {fileID: 0}
    - target: {fileID: 4059670308217576181, guid: e099d4780cc04b5429ebb340d30b57f9,
        type: 3}
      propertyPath: m_SizeDelta.x
      value: 248.91272
      objectReference: {fileID: 0}
    - target: {fileID: 4059670308217576181, guid: e099d4780cc04b5429ebb340d30b57f9,
        type: 3}
      propertyPath: m_SizeDelta.y
      value: 89.82617
      objectReference: {fileID: 0}
    - target: {fileID: 4059670308217576181, guid: e099d4780cc04b5429ebb340d30b57f9,
        type: 3}
      propertyPath: m_AnchorMin.x
      value: 0.5
      objectReference: {fileID: 0}
    - target: {fileID: 4059670308217576181, guid: e099d4780cc04b5429ebb340d30b57f9,
        type: 3}
      propertyPath: m_AnchorMin.y
      value: 0
      objectReference: {fileID: 0}
    - target: {fileID: 4059670308217576181, guid: e099d4780cc04b5429ebb340d30b57f9,
        type: 3}
      propertyPath: m_AnchorMax.x
      value: 0.5
      objectReference: {fileID: 0}
    - target: {fileID: 4059670308217576181, guid: e099d4780cc04b5429ebb340d30b57f9,
        type: 3}
      propertyPath: m_AnchorMax.y
      value: 0
      objectReference: {fileID: 0}
    - target: {fileID: 4059670308217576181, guid: e099d4780cc04b5429ebb340d30b57f9,
        type: 3}
      propertyPath: m_Pivot.x
      value: 0.5
      objectReference: {fileID: 0}
    - target: {fileID: 4059670308217576181, guid: e099d4780cc04b5429ebb340d30b57f9,
        type: 3}
      propertyPath: m_Pivot.y
      value: 0
      objectReference: {fileID: 0}
    - target: {fileID: 8009424937475687004, guid: e099d4780cc04b5429ebb340d30b57f9,
        type: 3}
      propertyPath: m_MinWidth
      value: 139.4
      objectReference: {fileID: 0}
    m_RemovedComponents: []
  m_SourcePrefab: {fileID: 100100000, guid: e099d4780cc04b5429ebb340d30b57f9, type: 3}
--- !u!1 &3270898481020101397 stripped
GameObject:
  m_CorrespondingSourceObject: {fileID: 3825196319445577504, guid: e099d4780cc04b5429ebb340d30b57f9,
    type: 3}
  m_PrefabInstance: {fileID: 1761262731869948981}
  m_PrefabAsset: {fileID: 0}
--- !u!224 &2316991771029821120 stripped
RectTransform:
  m_CorrespondingSourceObject: {fileID: 4059670308217576181, guid: e099d4780cc04b5429ebb340d30b57f9,
    type: 3}
  m_PrefabInstance: {fileID: 1761262731869948981}
  m_PrefabAsset: {fileID: 0}
